3717 5434
814 568 853 632 17

336 739 494 809 respondet
510 739 554 795 his
572 739 670 795 verbis
688 754 852 807 expressae:
871 734 904 793 σύ
923 737 954 793 δὲ
972 733 1130 808 notamu-
1148 731 1276 808 ἄρουραν
1292 737 1421 803 τᾶνέτος

336 821 471 895 εύιιριδον
493 825 541 881 καλ
557 823 720 895 πολύπυρον
742 818 819 893 ἄγοις
842 841 897 897 qua
920 826 948 881 in
971 842 1003 881 re
1026 826 1144 888 similem
1167 826 1320 883 verborum
1344 844 1419 883 eom-

335 914 519 983 positionem:
538 909 681 978 ιιολύσορε
698 944 732 953 -
750 908 911 980 πολύπορον
929 913 1008 968 casui
1027 930 1083 969 non
1102 913 1233 968 tribuam.

278 999 318 1053 A.
336 1001 367 1054 P.
384 1001 474 1059 V134
492 1000 615 1070 (Rhiani)
637 1001 675 1074 τῷ
699 998 773 1054 Πανὶ
796 994 928 1075 ὃρειάρχηι
950 1000 1125 1069 respondent
1147 1002 1226 1068 δῶρα
1249 1002 1419 1070 σοαγρεσίης.

335 1086 433 1143 Verba
451 1078 473 1141 d
491 1083 555 1142 Πὰν
574 1087 707 1155 transires
732 1087 948 1142 accommodata
972 1092 1038 1142 sunt
1059 1087 1100 1142 rei
1122 1078 1245 1156 petitae:
1270 1088 1309 1151 εἰς
1331 1084 1419 1142 ύιιίσω

335 1167 495 1229 Πολύαινον
514 1167 633 1243 σύαγρον
650 1171 768 1244 στέρνοις
785 1172 848 1228 cllo
865 1170 1003 1244 Σιμύλεω.

318 1278 473 1335 Videamus
497 1295 571 1335 nunc
595 1294 638 1348 ep.
657 1279 691 1335 A.
709 1280 741 1334 Ρ.
752 1280 792 1336 VI
812 1284 860 1339 loo
884 1279 1014 1347 (Diodori
1036 1281 1141 1348 Zonae)
1164 1280 1193 1335 in
1216 1296 1271 1350 quo
1295 1282 1357 1336 Pan
1378 1281 1421 1337 in-

241 1370 373 1421 vocatur
400 1365 539 1436 epitheto:
567 1362 683 1421 ύλιιολτα
710 1367 926 1423 accommodato
950 1367 1014 1422 loco
1042 1384 1097 1437 quo
1121 1368 1269 1423 donarium
1293 1368 1421 1437 poniturz

241 1455 308 1507 κατ’
329 1448 461 1527 ἄγριύδος
489 1453 640 1508 πλατάνοιο
671 1457 699 1509 et
729 1469 869 1523 personae
900 1454 1058 1510 dedicantis
1086 1453 1193 1511 officio:
1224 1456 1422 1524 leucopetram

245 1539 385 1594 Τελέσων.
421 1541 474 1595 Rei
497 1544 591 1595 autem
614 1540 720 1610 petitae
743 1540 843 1596 eodem
866 1540 893 1594 in
918 1540 1121 1610 epigrammate
1144 1541 1361 1597 accommodata
1378 1541 1421 1595 vi·

242 1628 334 1683 detur
357 1626 403 1682 dei
425 1628 584 1683 invocatio:
606 1622 672 1681 Πὰν
688 1630 812 1697 βοννῐτα,
835 1643 898 1682 eum
916 1626 1001 1682 hoino
1021 1627 1156 1683 dedicans
1176 1628 1259 1684 deum
1276 1633 1361 1699 roget
1377 1628 1420 1683 his

243 1714 361 1770 verbis:
378 1710 575 1785 sacrosanctos
592 1714 730 1769 πέτασσον
748 1709 822 1782 ὅρος,
841 1729 1011 1784 quamquam
1030 1730 1135 1785 negare
1154 1731 1209 1770 non
1222 1731 1348 1783 possum,
1365 1715 1419 1770 hoc

241 1803 342 1871 ipsum
365 1801 412 1857 dai
430 1800 574 1870 epitheton
592 1818 623 1857 re
641 1802 704 1870 ipsa
720 1800 867 1870 postulari.
904 1802 1041 1857 Prudenti
1058 1802 1176 1857 consilio
1196 1802 1355 1871 complures
1374 1802 1420 1857 dei

242 1889 421 1943 invocantur
438 1888 465 1943 in
485 1904 528 1957 ep.
546 1888 581 1945 A.
593 1890 625 1944 Ρ.
637 1889 676 1944 Vl
693 1893 724 1946 31
746 1888 856 1957 (incerti
875 1889 1011 1957 auctoris)
1029 1885 1159 1960 Δίηηλύτη
1177 1889 1260 1957 Πανί,
1287 1885 1418 1960 ιύιιάρτω

242 1969 393 2044 Διονύσῳ,
423 1980 497 2044 Δηοῖ
522 1975 643 2047 Χθονίη.
692 1974 791 2030 Omnia
820 1974 948 2044 epitheta
977 1975 1194 2031 accommodata
1221 1975 1351 2031 videmus
1377 1976 1419 2031 rei

242 2062 356 2131 petitae
380 2062 421 2116 ita
444 2066 488 2117 ut:
512 2058 638 2134 αἰηιβοὶτη
656 2061 731 2116 Πανὶ
753 2062 960 2133 respondeant:
983 2057 1070 2131 τύεα,
1091 2057 1221 2132 rindorp
1239 2058 1366 2134 Διονύσῳ
1385 2094 1419 2103 -

244 2145 335 2203 καλὸν
347 2146 435 2218 οἶνον,
449 2151 524 2217 Δηοῖ
533 2150 644 2221 Χθονίη
658 2180 690 2189 -
703 2145 813 2217 καρπὸν
825 2144 872 2202 σίτι1
882 2145 1034 2217 ἀσταχύων.
1062 2148 1108 2204 Ad
1120 2149 1266 2219 epitheton
1280 2144 1420 2218 εύιιαριιος

244 2235 380 2306 Dionyso
399 2235 535 2291 tributum
554 2236 750 2304 explicandum
770 2236 963 2292 sollertissime
981 2239 1069 2304 poeta
1088 2235 1260 2292 adiectivum
1280 2234 1364 2299 καλὸς
1383 2237 1419 2292 ad

244 2338 348 2377 omnes
367 2336 440 2391 quae
457 2327 591 2391 petuntur
602 2339 648 2379 res
663 2323 778 2378 addidit.
806 2322 903 2379 Habes
916 2323 1003 2378 enim:
1021 2322 1092 2377 ιιαλὰ
1109 2318 1198 2381 τωίαι
1221 2320 1308 2378 καλὸν
1325 2320 1417 2378 οἷνονι

243 2406 335 2462 καλὸν
352 2404 467 2475 arcenda
485 2404 533 2463 ἄνι’
553 2406 703 2478 ἀσταχύων.

318 2494 484 2565 Exemplum
508 2501 603 2553 autem
624 2497 843 2553 illustrissimum
866 2496 985 2567 praebet
1004 2512 1047 2566 ep.
1066 2496 1100 2551 A.
1112 2498 1142 2551 P.
1156 2495 1196 2553 v1
1214 2501 1248 2554 32
1266 2498 1419 2568 (Agathiae

245 2581 438 2651 Scholastiei),
461 2582 490 2636 in
513 2599 569 2653 quo
586 2584 658 2639 Pani
682 2584 735 2639 dec
760 2599 846 2653 caper
867 2584 1023 2639 dedicatur.
1058 2581 1193 2652 Epitheta
1211 2583 1257 2639 dei
1273 2590 1361 2653 poeta
1378 2585 1420 2640 ita

245 2668 345 2738 elegit,
371 2673 404 2722 ut
429 2669 463 2723 iis
489 2670 682 2739 respondeant
708 2671 852 2727 adiectiva
877 2672 919 2725 rei
947 2670 1096 2726 dedicatae
1123 2669 1236 2725 tributa
1279 2671 1418 2727 conteras

245 2755 347 2825 igitur:
612 2758 753 2829 Δικραίρῳ
773 2789 806 2797 -
824 2758 959 2826 δικέρωτα

614 2839 780 2914 δασνιινύμφ
799 2874 833 2883 -
852 2844 1017 2913 samaeas

615 2925 782 3001 ωἰοιιοὶρθμφ
802 2962 835 2973 -
854 2932 949 2999 lectior

613 3013 734 3093 ὑλοβοὶτᾳ
752 3048 786 3057 -
804 3015 916 3088 λόχμιον

611 3100 764 3179 ύιιηνύσᾳῐ)
783 3136 817 3145 -
835 3100 931 3160 λάσιον
948 3100 1059 3173 τράγον.

318 3192 396 3247 Loco
419 3191 540 3262 denique
562 3208 617 3262 quo
641 3192 788 3247 donarium
810 3193 925 3263 ponitur
948 3197 1035 3261 poeta
1053 3192 1282 3247 accommodavit
1299 3191 1354 3247 hoc
1373 3192 1418 3247 dei

247 3278 409 3347 epitheton:
543 3279 617 3334 llari
636 3279 825 3349 φιλοσκοπέλῳ
845 3312 878 3320 -
896 3275 972 3348 παρὰ
991 3280 1127 3349 sodoch.

318 3364 411 3435 Saepe
434 3370 537 3435 poetae
562 3368 679 3423 deorum
703 3367 916 3437 cognominibus
941 3371 1059 3423 utuntur
1081 3383 1114 3423 ex
1138 3367 1238 3422 eadem
1262 3367 1350 3436 stirpe
1368 3366 1416 3423 de-

245 3452 358 3522 rivatis,
376 3452 451 3508 unde
470 3453 556 3509 ducta
576 3460 641 3511 sunt
660 3454 803 3509 adiectiva
822 3454 858 3509 ad
878 3470 942 3509 eam
960 3455 1004 3510 cui
1023 3454 1069 3509 dei
1088 3470 1246 3523 cognomen
1263 3454 1418 3523 respondet

243 3555 307 3594 rem
326 3540 466 3609 apposita.
503 3539 585 3605 Quod
603 3540 715 3611 quidem
734 3558 768 3597 ex
786 3542 927 3597 nonnullis
945 3557 1017 3611 quae
1029 3540 1134 3611 protuli
1146 3541 1280 3611 exemplis
1292 3541 1418 3611 intellegi

244 3630 351 3695 potest.
389 3625 473 3682 Addo
491 3627 708 3683 illustrissimum
726 3627 808 3683 huius
826 3628 939 3697 generis
957 3627 1127 3697 exemplum:

282 3729 317 3784 A.
339 3731 371 3785 Ρ.
392 3730 432 3786 Vl
453 3735 486 3790 38
516 3732 657 3802 (Philippi)
686 3732 790 3786 Δλιιτνα
817 3727 1024 3786 auctoritates:
1055 3726 1243 3799 inexercitatos
1269 3726 1416 3789 Πόσειδον.

336 3816 444 3873 Simile:
462 3819 496 3873 A.
509 3819 590 3875 P.Vl
601 3823 635 3877 37
653 3818 765 3887 (incerti
777 3818 913 3887 auctoris)
931 3815 1074 3887 βουκόλοιι
1093 3816 1176 3886 Πανὶ,
1195 3812 1307 3886 ὡραίων
1320 3811 1417 3888 ῥύτορι

333 3905 496 3974 detractions.
538 3906 573 3960 A.
591 3907 679 3962 P.V1
699 3909 746 3965 185
773 3904 887 3972 (Zosimi
914 3904 1023 3972 Thasii)
1050 3900 1136 3974 βριθὺ
1164 3905 1275 3959 disemos
1300 3906 1416 3974 θηρῶσι

334 3984 448 4063 εὖθήοῳ
466 3992 550 4047 Πανί.
585 3992 620 4048 A.
632 3994 665 4047 P.
677 3994 759 4050 vles
779 3991 940 4061 (Theaetoti
958 3990 1138 4061 Scholastici)
1157 3989 1204 4046 aar
1223 3987 1349 4061 εὔθηρον
1368 4033 1373 4042 .
1389 4034 1415 4046 ..

334 4070 431 4147 droun
450 4079 579 4149 δαίμοσιν
597 4073 789 4151 ἄγροδὸτησιν.

316 4240 338 4307 ¹)
373 4240 509 4296 Dativum
542 4236 668 4315 ύτηνήτᾳ
702 4259 755 4311 pro
791 4242 958 4296 accusativo
989 4256 1072 4310 quem
1102 4241 1192 4296 codex
1221 4241 1309 4297 tradit
1337 4247 1415 4299 recte

247 4322 408 4380 Wakefield
425 4327 585 4383 restituisse
602 4326 724 4383 videtur.

316 4412 339 4476 ¹)
357 4412 430 4467 lllud
448 4414 621 4484 epigramma
640 4413 732 4484 figura
750 4412 867 4468 chiasmi
881 4412 926 4467 bis
938 4413 1061 4481 repetita
1071 4411 1104 4468 fit
1116 4414 1283 4483 elegantius.
1317 4415 1415 4483 Neque

248 4497 469 4574 allitterationis¹
481 4499 601 4571 figuram
624 4505 655 4555 ut
677 4501 851 4570 epigramma
869 4505 1021 4556 exornaret
1037 4505 1125 4569 poeta
1141 4500 1273 4570 neglexit.
1308 4499 1415 4556 Videas

247 4600 362 4641 versum
380 4586 514 4654 primum:

490 4675 631 4744 Διιιραλρφ
650 4673 794 4744 δικέρωτα,
812 4670 979 4746 διισνιινάμςο
998 4675 1173 4743 δασυηαίταν.

1195 4762 1212 4815 2
