3717 5434
965 548 1008 614 44

466 719 502 784 Β.
531 720 696 785 Donarii
724 719 1057 805 significationes
1084 718 1176 785 inde
1204 720 1253 785 ab
1280 738 1375 785 aevo
1397 721 1571 786 Alexan-

402 820 514 889 drino
536 824 725 891 usitatae:

438 926 464 990 l.
491 924 643 1009 λείψανον.

435 1028 465 1093 2.
488 1026 591 1111 γέρας.

438 1132 467 1197 3.
492 1130 655 1218 σύμβολον.

436 1236 466 1301 4.
490 1233 632 1320 ἄρμενον.

467 1359 505 1423 A.
525 1359 553 1424 1.
574 1359 680 1441 Atque
697 1359 739 1425 ab
762 1379 802 1426 es
817 1358 942 1425 donarii
959 1358 1195 1442 significatione
1211 1359 1380 1442 capiamus
1395 1356 1576 1440 exordium,

405 1480 469 1545 qua
491 1460 659 1527 donarium
683 1464 824 1528 cuiusvis
847 1465 977 1547 generis
999 1462 1203 1548 exprimitur:
1226 1462 1358 1545 δῶρον.

469 1564 735 1647 Antiquissimam
749 1564 914 1632 hominum
926 1568 1109 1651 opinionem
1122 1564 1234 1650 fuisse,
1246 1564 1326 1632 deos
1338 1563 1433 1631 donis
1445 1564 1576 1649 oblatis,

407 1667 433 1732 si
449 1673 559 1733 essent
574 1668 658 1752 irati,
680 1668 803 1754 placari
819 1670 870 1735 vel
885 1676 921 1736 nt
936 1673 1142 1756 precationes
1158 1668 1201 1735 ad
1213 1688 1270 1735 eos
1285 1671 1403 1735 missas
1426 1666 1577 1735 audirent

406 1772 599 1837 commoveri
622 1773 706 1837 inter
727 1793 838 1839 omnes
861 1780 998 1840 constat.
1043 1772 1116 1852 Qua
1136 1772 1178 1839 de
1201 1792 1302 1839 causa
1324 1771 1474 1839 omnibus
1496 1778 1576 1837 tem-

405 1874 538 1958 poribus
552 1874 623 1941 deis
639 1873 725 1942 dona
741 1875 852 1942 oblata
867 1883 951 1942 sunt.
985 1878 1121 1962 Propter
1137 1897 1289 1960 magnam
1305 1878 1578 1961 epigrammatum

407 1980 544 2062 copiam,
567 1998 651 2061 quae
667 1979 750 2044 hanc
767 1978 893 2046 donarii
917 1980 1186 2064 significationem
1203 1979 1372 2065 praebent,
1395 1986 1429 2044 et
1443 1984 1579 2064 propter

407 2079 646 2166 simplieitatem
662 2082 787 2148 formae
799 2084 901 2167 ipsius
913 2085 994 2149 satis
1006 2104 1166 2169 superque
1178 2082 1261 2149 duco
1273 2082 1382 2149 oculos
1399 2084 1578 2166 legentium

407 2182 554 2249 adhaec
577 2189 790 2251 convertisse:

442 2285 496 2340 Kb.
514 2289 565 2343 773
583 2288 669 2353 (saec.
688 2289 726 2344 1v
746 2288 789 2356 a.).
826 2292 997 2357 7113111111.
1022 2290 1123 2358 Rom).
1164 2289 1450 2356 806111111.11()111.).
1492 2288 1526 2341 A.
1544 2289 1579 2342 P.

494 2372 534 2428 vl
552 2378 594 2431 16.
617 2377 659 2432 33.
684 2378 725 2433 34.
750 2378 792 2433 38.
815 2381 871 2434 133.
893 2381 949 2436 159.
972 2380 1029 2435 183.
1048 2380 1107 2434 333.
1126 2381 1185 2434 360.
1204 2380 1263 2433 364.
1282 2379 1341 2433 348.
1359 2378 1419 2432 383.
1438 2379 1499 2433 354.
1517 2378 1579 2432 389.

493 2460 567 2530 App.
586 2465 619 2519 93
638 2461 801 2533 (Phalaeci).
836 2464 906 2518 Ditt.
926 2467 987 2521 774.
1006 2466 1056 2521 787
1064 2464 1092 2530 ¹).

472 2566 545 2634 Non
567 2568 626 2633 abs
649 2589 683 2634 re
707 2573 768 2635 erit
790 2588 1042 2636 commemorare
1059 2568 1192 2633 verbum
1215 2567 1422 2651 δωρεῖσθαι
1446 2568 1580 2651 saepius

408 2667 449 2733 de
472 2668 565 2737 donis
588 2670 658 2737 deis
682 2671 767 2738 datis
790 2680 823 2738 et
846 2673 887 2737 eb
910 2674 959 2737 eis
981 2673 1126 2756 acceptis
1148 2678 1335 2756 usurpatum
1363 2672 1397 2735 in
1425 2669 1579 2755 precibus

409 2773 616 2839 sollemnibus
625 2774 649 2860 ²)
679 2796 742 2840 non
765 2796 896 2860 prorsus
923 2774 1107 2859 neglectum
1135 2793 1208 2839 esse
1237 2774 1278 2839 ab
1307 2774 1579 2857 epigrammatum

410 2877 629 2959 scriptoribus.
675 2878 787 2943 Habes
811 2880 910 2943 enim:

443 2976 476 3030 A.
490 2979 520 3030 P.
534 2979 572 3034 VI
587 2984 635 3037 105
648 2979 858 3049 (Apollonides)
879 2982 1000 3050 Tpipicw
1015 2975 1062 3033 rica*
1075 2976 1232 3048 ἀνθρακιῆς
1244 3021 1250 3034 .
1265 3021 1270 3034 .
1284 2972 1415 3048 ,Ἀρτεμ
1428 2978 1580 3048 deperirent.

496 3064 530 3117 A.
542 3066 574 3118 P.
588 3065 626 3120 Vl
639 3069 690 3124 355
710 3066 874 3135 (Leonidae)
887 3064 919 3120 ‘A
937 3061 1026 3135 μάτηρ
1047 3108 1052 3118 .
1067 3107 1094 3121 ..
1111 3062 1210 3137 Βάκχῳ
1229 3068 1364 3135 δωρεῖται.

475 3168 503 3232 3.
529 3168 680 3253 Sequitur·
703 3172 805 3236 altera
821 3171 863 3236 ad
879 3178 1027 3238 naturam
1043 3171 1169 3237 donarii
1185 3173 1354 3256 aptissima
1369 3170 1580 3254 significatio:

410 3270 597 3355 ἀνάθημα.

474 3375 666 3460 Priusquam
689 3385 796 3443 autem
820 3380 971 3465 exempla
1000 3381 1071 3464 ipsa
1094 3386 1170 3444 ante
1193 3378 1303 3445 oculos
1326 3398 1455 3462 ponam,
1484 3377 1580 3443 huius

410 3480 499 3544 vocis
522 3479 688 3600 historiam
712 3483 817 3549 brevit
804 3490 853 3549 ter
874 3491 1018 3568 tangam
1055 3484 1189 3567 Proprie
1213 3482 1388 3563 ἀνάθημα
1411 3479 1530 3545 dicitur
1546 3479 1579 3597 id

411 3685 680 3767 significationem
709 3691 741 3753 in
717 3593 980 3776 epigrammat
981 3692 1009 3756 is
967 3688 1215 3755 tadbibitam
1243 3707 1316 3753 esse
1339 3684 1489 3753 demonst
1475 3690 1580 3751 tratur

411 3808 462 3873 ep.
485 3790 548 3854 Kb.
571 3790 634 3857 747
663 3791 763 3877 (saec.
787 3791 1032 3879 1111011111.)
1068 3790 1270 3878 Ἀπόλ(λ)ωνι
1303 3786 1391 3876 decep
1425 3786 1578 3938 ccciccrt']

411 3892 545 3975 ἀνάθημ’
570 3890 654 3981 ci[rr]d
678 3893 759 3983 Μ[ηδ
763 3920 814 3959 ων.

476 3996 556 4060 Item
590 4017 616 4062 e.
646 4018 693 4081 gr.
722 4000 851 4066 infimae
884 4003 1018 4065 aetatis:
1050 4000 1089 4065 A.
1117 3999 1277 4065 Planlii
1303 3997 1344 4061 33
1377 3995 1578 4080 σωφροσύνης

412 4098 556 4183 ἀνάθημα
574 4146 580 4160 .
599 4147 605 4161 .
625 4146 631 4161 .
648 4103 781 4185 orbecco
807 4102 983 4188 Γρηγόριος.

482 4303 502 4370 1)
522 4301 565 4357 Gt.
584 4301 619 4356 de
637 4301 719 4355 huius
738 4301 819 4356 vocis
838 4317 890 4355 usu
909 4301 938 4355 in
956 4298 1187 4369 inscriptionibus
1205 4298 1332 4369 pedestri
1350 4313 1480 4352 sermone
1504 4313 1578 4352 com·

293 4386 296 4392 ’
412 4389 513 4457 positis
536 4388 746 4458 Dittenberger‚
770 4388 807 4443 ad
824 4388 866 4442 tit.
886 4393 938 4446 774
957 4387 1021 4442 adn.
1039 4391 1069 4444 3:
1093 4388 1170 4442 Raro
1194 4385 1229 4441 de
1251 4384 1337 4441 rebus
1358 4400 1429 4454 quas
1452 4383 1580 4455 homines

414 4476 474 4531 deis
494 4480 671 4545 consecrent,
690 4490 762 4546 quae
780 4475 894 4545 proprie
913 4469 1083 4544 ἀναθήματα
1101 4477 1250 4542 vocantur,
1268 4472 1339 4526 baec
1358 4488 1415 4543 vox
1428 4474 1580 4539 usurpatur

412 4563 440 4618 in
458 4563 548 4618 titulis
566 4562 693 4631 pedestri
712 4577 841 4618 sermone
860 4562 1034 4630 compositis.

482 4653 504 4717 1)
523 4648 643 4705 Ausfeld
660 4651 676 4704 l.
697 4666 720 4705 c,
739 4665 766 4717 p.
785 4652 844 4707 531.
