3717 5434
843 631 862 697 5

750 724 756 727 .
765 722 833 727 ..-..-.
848 720 950 727 -----

308 806 348 871 A.
369 805 463 871 Plan.
480 806 495 869 I
521 804 559 868 14
582 800 768 888 (Zenodoti)
797 798 849 873 Τίς
877 802 995 886 plicibus
1025 804 1075 866 τὸν
1091 800 1214 887 Ἔρωτα
1232 850 1239 864 .
1257 848 1264 865 .
1283 849 1290 864 .
1307 803 1419 888 ἔθηκεν
1426 827 1435 879 ;

309 910 347 973 A.
364 909 400 973 P.
417 908 462 973 VI
487 905 547 971 122
571 907 710 990 (Niciae)
734 901 786 975 Τίς
809 904 843 968 νύ
867 928 902 969 σε
926 905 1005 989 θῆκε
1028 906 1089 991 θεᾷ
1112 908 1226 991 δῶρον;

309 1013 348 1077 A.
364 1012 400 1076 Ρ.
418 1012 464 1077 VI
483 1009 543 1077 l63
562 1008 746 1097 (Meleagri)
766 1004 818 1077 Τίς
835 1010 907 1073 τάδε
925 1033 976 1091 μοι
992 1008 1111 1093 θνητῶν
1193 1011 1308 1094 ἀνῆψεν
1325 1014 1437 1095 οκῦλα;

331 1133 424 1198 Hanc
453 1131 591 1198 formam
612 1127 904 1195 Alexandrinorum
932 1136 1041 1196 aetate
1071 1132 1164 1196 etin
1193 1130 1305 1197 schola
1332 1137 1436 1197 ortam

264 1256 339 1301 esse
368 1236 441 1319 quis
468 1240 519 1301 est
549 1234 625 1317 quin
649 1219 836 1299 concedat?
886 1233 980 1310 Quod
1009 1253 1106 1317 qnam
1127 1254 1211 1299 .vere
1241 1232 1362 1299 dictum
1395 1236 1437 1300 sit

264 1338 354 1404 baud
392 1336 526 1403 difficile
566 1343 600 1401 ut
634 1338 748 1421 opinor
785 1336 992 1420 intellegitur.
1048 1336 1300 1404 Consideremus
1339 1340 1437 1422 igitur

265 1445 504 1527 epigrammata
527 1439 729 1506 dedicatoria
751 1440 873 1505 saeculi
888 1440 934 1505 VI
957 1445 990 1505 et
1011 1441 1039 1506 V
1061 1461 1090 1506 a.
1107 1440 1181 1507 our.
1197 1462 1239 1524 n.,
1261 1443 1295 1506 in
1319 1443 1436 1525 quibus

263 1565 431 1629 nunquam
467 1563 585 1610 nomen
622 1542 761 1608 bominis
795 1540 978 1610 dedicantis
1010 1546 1168 1610 omittitur
1176 1542 1212 1629 1).
1268 1545 1311 1610 llt
1347 1551 1435 1611 recte

264 1645 412 1733 quidem,¹
442 1668 514 1714 cum
547 1649 784 1732 epigrammata
818 1648 1044 1729 antiquissima
1076 1646 1110 1710 id
1143 1648 1248 1732 ipsum
1282 1647 1435 1732 referant,

263 1755 356 1837 quis
390 1750 467 1834 quid
500 1750 708 1816 dedicaverit.
765 1750 904 1815 Lusibus
939 1755 1048 1815 antem
1077 1752 1143 1817 suis
1171 1750 1205 1815 id
1232 1753 1434 1836 potissimum

264 1860 403 1941 egerunt
424 1861 541 1939 poetae
568 1853 835 1939 epigrammatici,
862 1858 898 1918 ut
926 1854 1105 1920 orationem
1128 1856 1292 1920 variarent
1314 1860 1347 1919 et
1370 1855 1434 1919 dis-

263 1962 449 2043 tinguerent
478 1956 572 2040 quasi
598 1955 741 2040 quadam
775 1956 945 2023 verborum
980 1956 1220 2040 formarumque
1254 1956 1433 2023 alacritate.

263 2064 371 2145 Atque
393 2060 426 2127 id
453 2062 500 2127 ita
527 2081 562 2127 se
591 2060 723 2144 habere,
752 2080 790 2125 eo
812 2058 849 2123 fit
870 2060 1082 2144 probabilius,
1110 2060 1196 2143 quod
1224 2082 1289 2127 non
1318 2060 1435 2126 desunt

264 2168 512 2251 epigrammata,
539 2163 712 2247 inquibus
740 2182 917 2247 pronomen
946 2165 1211 2246 interrogativum
1240 2144 1303 2231 non
1333 2164 1433 2233 semel

156 2326 161 2335 .
263 2268 324 2335 sed
347 2269 408 2334 bis
431 2267 610 2353 adhibitum
632 2265 760 2333 videtis.

305 2378 344 2454 A.
361 2388 453 2453 oran.
469 2386 514 2453 1v
532 2388 593 2453 roo
615 2385 754 2473 (Arcas)
779 2383 831 2457 vc
855 2387 891 2449 e
908 2434 916 2451 .
932 2437 938 2451 .
956 2343 1116 2471 [osma
1144 2389 1188 2456 a.
1215 2386 1349 2472 πέρην
1378 2388 1433 2458 ss<

372 2490 500 2574 ἐνέδησε
523 2490 635 2575 χέρας;
970 2585 972 2588 Ι

307 2596 420 2661 Simile
443 2600 493 2659 est
514 2595 552 2658 A.
570 2594 663 2658 Plan.
679 2592 724 2659 IV
743 2593 803 2659 197
828 2591 1043 2679 (Antipatri).¹

327 2716 455 2799 Agmen
482 2720 591 2780 autem
621 2714 717 2780 buius
745 2716 874 2797 generis
902 2713 1171 2798 epigrammatum
1201 2712 1355 2780 claudunt
1382 2734 1433 2800 ea,
1465 2727 1470 2751 ¹

260 2821 296 2883 in
319 2817 439 2901 quibus·
458 2837 635 2902 pronomen
657 2824 717 2883 ter
739 2817 919 2883 adhibitum
944 2816 1134 2883 invenimus.

296 2924 332 2993 A.
349 2939 382 2991 Ρ.
398 2936 438 2993 Vl
455 2941 506 2995 324
533 2936 686 3007 (Leonidae
709 2936 902 3007 Alexandrini)
930 2936 1120 3007 Πέμματατὶς
1138 2932 1283 3004 traducto,
1305 2939 1346 3002 τίς
1362 2930 1436 3007 ’Ἄρεϊ

348 3025 388 3095 τῷ
406 3020 586 3096 πτολιπόρθῳ
604 3020 712 3095 βότρυς,
730 3024 769 3087 τίς
787 3022 817 3077 δὲ
834 3018 927 3093 ῥόδων
944 3026 1033 3092 δῆμον
1052 3021 1112 3094 ἐμοὶ
1129 3020 1262 3089 adducam

297 3110 553 3169 A.Plan.1V159
580 3110 690 3178 (incerti
714 3110 850 3180 auctoris)
879 3111 929 3174 Τίς
956 3111 1038 3165 λίθον
1065 3105 1202 3181 liutizorum
1230 3112 1270 3175 τίς
1296 3110 1325 3167 ἐν
1352 3112 1434 3181 χθονὶ

349 3192 459 3266 Κύπριν
478 3195 594 3262 dosidem
614 3198 710 3268 ἵμερον
728 3194 757 3251 ἐν
774 3196 859 3270 πέτρῃ
876 3198 917 3261 τίς
934 3196 1018 3253 τόσον
1036 3193 1198 3267 εἰρράοαοος

295 3284 330 3339 A.
342 3284 423 3339 Plan.
440 3285 479 3339 IV
492 3288 543 3343 195
561 3283 678 3359 (Satyri)
703 3280 762 3339 Τὸν
783 3280 934 3355 πτερόεντα
954 3286 994 3342 τίς
1018 3274 1081 3354 ὦδε,
1104 3286 1145 3348 τίς
1167 3282 1198 3339 ἐν
1214 3285 1339 3354 δεσμοῖσι
1361 3281 1434 3342 θοὸν

348 3372 405 3439 πῦρ
424 3365 562 3441 &pponam
581 3370 734 3442 αἰθομένης
752 3366 843 3441 ἥψατο
862 3372 903 3437 τίς
921 3370 1076 3441 φαρέτρηςς
1252 3448 1255 3450 Δ

325 3478 440 3559 Neque
469 3477 609 3542 alienum
636 3476 764 3543 videtur
793 3475 951 3543 adnotare
979 3480 1225 3562 epigrammata,
1254 3480 1287 3543 in
1316 3480 1432 3561 quibus

259 3599 440 3665 pronomen
466 3580 508 3648 τίς
538 3586 587 3645 ter
614 3582 753 3664 positum
781 3587 841 3665 est,
875 3582 960 3646 inter
987 3600 1022 3646 se
1052 3581 1215 3647 simillima
1243 3600 1326 3667 esse,
1355 3584 1433 3664 quia

258 3682 432 3749 collocatio
468 3682 562 3747 buius
598 3684 796 3768 pronominis
831 3684 864 3748 in
902 3684 1049 3749 omnibus
1087 3686 1330 3769 epigrammatis
1367 3684 1430 3750 sibi

258 3784 446 3872 respondet.
491 3785 647 3853 Videmus
680 3788 764 3853 enim
799 3787 997 3870 pronominis
1014 3777 1163 3852 ‘formam
1190 3787 1233 3857 τίς
1263 3788 1295 3852 in
1323 3789 1430 3872 priore

258 3892 532 3974 epigrammatum
560 3910 656 3956 versu
688 3889 750 3973 bis,
784 3890 884 3956 semel
910 3891 944 3955 in
978 3890 1080 3956 altero
1110 3910 1207 3957 versu
1240 3890 1430 3957 adhibitam.

259 3993 311 4057 lbi
335 4000 445 4058 autem
468 4013 508 4058 ea
530 4012 693 4076 nunquam
708 3995 811 4078 primo
834 3994 904 4060 loco
928 3996 1035 4078 posita
1052 3992 1188 4077 videtur,
1211 3993 1271 4059 sed
1286 3996 1319 4058 in
1334 4014 1432 4060 versu

259 4096 377 4161 medio.
409 4079 602 4162 Similitudo
610 4095 723 4161 horum
739 4098 1009 4181 epigrammatum
1024 4097 1100 4163 inde
1112 4115 1239 4181 quoque
1253 4096 1431 4163 luculenter

259 4202 409 4285 apparet,
446 4198 534 4281 quod
566 4200 600 4263 in
632 4201 735 4284 primo
770 4201 1039 4286 epigrammatum
1066 4220 1162 4267 versu
1190 4200 1327 4266 alteram
1354 4193 1431 4286 'pro-

259 4305 399 4370 nominis
423 4301 560 4368 tormam
584 4322 711 4388 semper
733 4304 873 4388 positam
888 4303 1036 4369 videmus
1058 4308 1132 4389 post
1155 4322 1323 4370 caesuram
1346 4323 1431 4386 qnae

259 4406 337 4469 κατὰ
361 4406 458 4489 τρίτον
481 4408 625 4491 τροχαῖον
648 4411 790 4471 vocatur.
829 4406 922 4471 Hanc
946 4425 1104 4490 personae
1127 4405 1309 4471 dedicantis
1332 4407 1429 4490 signi·

258 4507 445 4575 ficationem
472 4510 506 4573 in
521 4532 523 4539 ’
536 4511 780 4594 epigrammatis
808 4509 910 4593 lapidi
938 4511 1102 4594 inscriptis
1129 4528 1193 4574 non
1219 4511 1281 4574 nisi
1304 4510 1351 4573 ita
1373 4508 1429 4573 ad-

329 4738 349 4805 ι)
370 4734 413 4791 (lt.
431 4739 546 4807 Preger,
565 4739 650 4792 lnscr.
670 4756 711 4809 gr.
731 4742 811 4792 metr.
829 4720 1037 4809 Prolegomena
1055 4743 1070 4803 5
1089 4744 1114 4797 6.
