3717 5434
989 586 1012 651 4

417 761 451 820 ut
468 763 534 822 tres
548 774 708 841 personae
725 753 916 823 dedicantes
932 757 1136 841 inducantur,
1157 758 1316 843 imprimis
1330 766 1398 826 tres
1411 767 1586 829 venatores

414 861 470 942 qui
494 858 612 925 fratres
634 864 707 924 sunt
731 863 763 923 11
785 878 920 942 quorum
943 862 1075 927 nomina
1098 880 1226 947 semper
1249 861 1318 927 1111
1342 867 1431 931 sunt:
1453 865 1584 948 Pigres:

414 961 529 1028 Clitor:
548 962 673 1028 Damis.
711 960 760 1027 ef.
776 963 814 1028 A.
829 963 865 1027 P.
883 964 927 1029 VI
945 962 1006 1029 187
1028 964 1158 1049 (Alphei
1172 964 1376 1049 Mitylenaei)
1398 969 1585 1050 κασιγνήτων

413 1066 479 1150 ἱερὴ
509 1064 591 1149 τριὰς
613 1111 621 1127 .
642 1112 650 1129 .
671 1112 680 1130 .
702 1064 815 1149 Πίγρης
838 1111 845 1126 .
869 1110 875 1127 .
898 1112 905 1127 .
928 1060 1095 1150 Κλείτωρ.
1118 1116 1125 1133 .
1148 1117 1156 1133 .
1178 1068 1285 1149 Δᾶμις.
1335 1069 1410 1135 Alia
1438 1068 1584 1137 eiusdem

412 1170 541 1252 generis
565 1169 714 1254 exempla
737 1166 865 1236 videas:
888 1170 926 1233 A.
942 1169 979 1233 P.
997 1170 1042 1235 VI
1067 1170 1115 1235 11.
1134 1171 1183 1236 12.
1207 1171 1257 1237 13.
1280 1172 1328 1237 14.
1348 1173 1398 1237 le.
1424 1172 1583 1240 111182.

415 1272 486 1337 183.
511 1270 582 1339 186.
626 1272 734 1338 Etiam
763 1279 830 1339 tres
857 1272 1012 1339 textrices
1034 1292 1118 1356 quac
1145 1292 1273 1340 sorores
1301 1282 1377 1341 sunt
1403 1282 1585 1343 occurrunt.

413 1374 462 1440 ef.
479 1376 517 1439 A.
534 1376 570 1439 Ρ.
587 1375 631 1440 111
647 1376 698 1440 39.
718 1376 787 1441 174.
804 1374 877 1442 289.
911 1374 1041 1440 Addam
1058 1374 1197 1459 denique
1212 1379 1414 1462 epigramma
1429 1379 1468 1444 A.
1485 1381 1522 1446 P.
1538 1380 1585 1445 Vl

416 1478 454 1544 17
478 1476 638 1563 (Luciaui)
661 1479 694 1543 in
717 1498 779 1561 quo
803 1485 869 1545 tres
892 1478 1035 1545 laminae
1058 1478 1212 1546 dedicant
1234 1500 1318 1565 quae
1340 1502 1405 1549 uon
1427 1482 1584 1549 textrices

412 1578 470 1647 sed
491 1580 678 1646 meretrices
693 1585 781 1646 sunt:
806 1579 843 1645 Αἱ
859 1583 977 1665 τρισσαὶ
995 1628 1001 1641 .
1019 1626 1027 1643 .
1045 1626 1052 1639 .
1070 1583 1187 1666 ἑταῖραι
1204 1579 1317 1669 Εὐφρὼ
1336 1581 1514 1649 ...Κλειὼ

410 1681 511 1754 ’Aroe
524 1682 559 1769 1).
599 1682 715 1749 Omnia
735 1682 982 1769 epigrammata,
1006 1685 1170 1767 inquibus
1191 1692 1259 1752 tres
1274 1684 1466 1753 dedicantes
1487 1686 1584 1752 nobis

412 1792 592 1871 occurrunt,
614 1806 777 1871 nunquam
794 1789 826 1851 in
842 1786 1005 1872 lapidibus
1026 1786 1139 1871 incisa,
1163 1788 1220 1854 sed
1240 1790 1330 1856 lusus
1350 1810 1451 1856 causa
1473 1788 1584 1855 efficta

412 1910 485 1957 esse
511 1888 693 1976 apparet).
746 1890 926 1976 Supplendi
954 1910 1056 1957 causa
1083 1889 1257 1977 proferam,
1290 1892 1347 1958 illa
1374 1912 1457 1977 quae
1488 1891 1583 1958 attuli

412 1992 749 2077 epigrammatainter
767 2014 802 2059 se
818 2000 1009 2079 comparata
1027 1994 1200 2059 maximam
1216 1994 1461 2061 similitudinem
1476 2000 1583 2061 osten-

413 2094 500 2162 dere.
535 2096 688 2179 Legimus
705 2095 838 2161 enimin
859 2097 1078 2181 compluribus
1094 2096 1179 2163 illius
1194 2100 1324 2182 generis
1339 2099 1583 2183 epigrammatis

412 2198 505 2281 quasi
517 2200 754 2284 appositionem
767 2197 809 2264 ad
822 2199 1001 2265 subiectum
1014 2198 1136 2265 factam
1145 2199 1246 2267 verba
1262 2222 1345 2285 quae
1359 2207 1447 2267 sunt:
1464 2202 1580 2269 ἄλλος

411 2302 467 2363 ἀπ’
484 2300 605 2385 ἄλλης
629 2302 811 2386 ἐργασίης
834 2303 887 2368 vel
909 2302 1036 2369 similia.

482 2422 561 2476 Haec
578 2419 671 2476 habeo
685 2421 812 2489 exempla
824 2426 974 2491 poetarum
987 2396 1019 2477 11
1029 2422 1212 2477 imitantium:
1231 2422 1265 2477 A.
1278 2424 1310 2477 P.
1318 2424 1358 2478 Vl
1372 2427 1404 2481 13
1417 2422 1581 2490 (Leonidae)

413 2508 450 2563 Oi
468 2507 573 2576 corusci
591 2550 596 2563 .
611 2546 637 2563 ..
657 2508 750 2576 θῆκαν
768 2502 944 2577 ὅμαιμοι...
964 2502 1044 2577 ἄλλης
1063 2503 1143 2573 ἄλλος
1161 2503 1209 2562 ἄπ’
1229 2503 1364 2577 circuatur.
1400 2508 1435 2563 A.
1447 2510 1479 2563 P.
1491 2509 1531 2564 VI
1550 2511 1581 2564 17

411 2595 548 2664 (Luciani)
579 2595 612 2648 Αἱ
641 2593 937 2663 1111111...θῆκαν
963 2594 1119 2664 ἑταῖραι..
1141 2637 1147 2649 .
1166 2589 1247 2663 ἄλλης
1273 2589 1338 2664 ἄλλη
1369 2591 1418 2648 ἀπ’
1445 2593 1581 2665 ἐργασίης.

412 2682 518 2738 Similia
543 2687 622 2737 sunt:
646 2681 777 2739 A.P.Vl
798 2686 1001 2741 merserat.
1043 2681 1131 2747 Quam
1156 2682 1324 2737 sententiam
1347 2681 1444 2736 verbis
1466 2682 1581 2749 paulum
1671 2717 1676 2723 ·

411 2769 526 2824 mutatis
549 2770 634 2824 etiam
658 2768 753 2822 inhia
778 2768 990 2839 epigrammatis
1013 2770 1148 2837 scriptam
1172 2769 1313 2824 ridemus:
1337 2768 1581 2825 A.P.V111.1a.

413 2861 452 2915 16.
468 2860 527 2915 183.

980 2961 1009 3025 2.

476 3082 627 3165 Sequitur
656 3082 759 3147 altera
787 3081 901 3162 torma,
930 3081 1503 3166 11111111(1111111111111111111,
1531 3080 1579 3145 ita

410 3191 568 3270 concepta
590 3191 625 3251 nt
647 3186 876 3269 interrogetur:
900 3184 955 3254 τίς
979 3184 1186 3267 ἀνέθηκεν;

474 3290 512 3353 11
535 3287 575 3353 111
598 3308 681 3371 quae
705 3307 765 3371 ego
789 3288 919 3372 quidem
948 3289 1057 3353 inveni
1086 3288 1243 3373 exemplis
1271 3286 1517 3354 considerandis
1539 3304 1580 3351 ea

410 3391 546 3476 primum
569 3390 732 3476 proferam
756 3394 1003 3476 epigrammata,
1027 3391 1192 3476 inquibus
1216 3411 1393 3476 pronomen
1416 3392 1459 3460 τίς
1479 3389 1581 3455 semel

411 3501 535 3561 tantum
558 3497 697 3580 positum
719 3495 876 3561 videmus.
898 3526 902 3531 ·

481 3734 501 3801 ¹)
530 3732 685 3789 Occasione
712 3734 781 3789 data
808 3734 1007 3790 boc·aniani
1031 3736 1204 3804 epigramma
1228 3748 1290 3786 cum
1315 3747 1358 3800 ep.
1378 3731 1412 3786 A.
1430 3732 1514 3787 P.V1
1530 3734 1582 3789 174

410 3820 575 3888 (Antipatri)
594 3834 763 3889 comparem.
793 3823 824 3877 ln
838 3838 882 3891 11.
895 3826 947 3879 174
965 3825 1024 3876 tres
1036 3820 1157 3875 teminae
1170 3818 1308 3874 honestae
1321 3818 1425 3873 donum
1439 3818 1581 3886 dedicant,

409 3905 485 3975 quod
503 3906 550 3960 vel
568 3922 602 3960 ex
621 3906 703 3963 donis
722 3908 797 3962 datis
816 3911 944 3975 apparet,
963 3906 1082 3961 maxime
1101 3910 1195 3962 autem
1215 3905 1308 3961 elucet
1325 3921 1359 3960 ex
1371 3904 1469 3960 uerbis
1480 3904 1509 3958 iu
1523 3903 1581 3971 epi-

408 3997 566 4061 grammate
585 3998 706 4049 exeunte
725 3994 830 4049 additis
849 4007 922 4061 quae
942 3996 1020 4047 sunt:
1567 3986 1570 3989 ’

638 4080 719 4153 ζώειν
736 4078 789 4150 γὰρ
808 4080 872 4159 diget
890 4077 995 4143 nunde
1013 4075 1136 4144 ὀνείδεος
1152 4074 1232 4151 ἤθελ’
1250 4076 1360 4147 ludera,

639 4170 719 4237 ξεῖνε,
736 4162 787 4222 τὸν
806 4164 835 4221 ἐκ
853 4168 952 4235 χειρῶν
970 4164 1109 4235 ὀρνυμένα
1127 4170 1230 4239 βίοτον.

410 4253 487 4319 Quae
511 4270 573 4308 cum
596 4254 636 4309 ita
660 4254 717 4310 sint
741 4270 795 4324 ego
819 4254 932 4324 quidem
955 4260 1034 4324 puto,
1061 4256 1215 4312 Lucienum
1239 4251 1383 4322 Antipatri
1407 4250 1581 4319 epigramma

408 4341 512 4411 legisse
530 4346 560 4395 et
578 4340 605 4395 11
625 4341 797 4399 contrarium
815 4342 947 4398 vertisse.

477 4428 498 4494 ⁹)
518 4426 664 4491 Quomodo
682 4428 803 4497 plurima
820 4429 902 4484 huius
920 4431 1034 4501 generis
1052 4430 1260 4500 epigrammata
1272 4432 1337 4482 orta
1349 4426 1414 4496 sint,
1431 4425 1581 4495 intellegas

409 4513 520 4583 legens:
540 4514 714 4584 Ciceronem,
733 4514 980 4574 (111111111194
999 4521 1097 4584 11111
1116 4514 1328 4582 Archiapoeta
1347 4517 1380 4571 18
1401 4511 1477 4582 qnod
1494 4510 1581 4567 video

408 4601 527 4669 primum
546 4602 688 4657 monuisse
701 4600 953 4656 Reitzensteinium
965 4602 994 4657 in
1006 4601 1069 4656 libri
1088 4602 1135 4671 qui
1146 4599 1323 4655 inscribitur:
1342 4600 1505 4670 Epignomm
1524 4598 1582 4653 und

409 4685 534 4755 81111111,
552 4703 579 4754 1.
601 4692 658 4756 150,
677 4688 712 4743 de
730 4687 1025 4757 epigrammaticorum
1045 4703 1122 4742 more
1141 4687 1262 4754 amplius
1282 4686 1477 4743 disserentem.
