3717 5434
415 766 529 815 versae
563 766 647 831 quae
681 750 855 828 sequentur
882 763 980 812 voces
1008 746 1160 811 inventae
1188 750 1286 828 atque
1314 743 1482 810 adhibitae
1510 747 1589 811 siut.

416 852 509 916 Hunc
537 853 570 915 in
593 848 722 915 modum
746 847 871 915 donarii
895 846 1089 931 significatio
1116 846 1267 929 ἄγαλμα
1294 854 1367 914 orta
1389 847 1528 932 videtur,
1555 850 1590 913 iu

415 974 512 1038 quam
545 972 631 1019 nunc
665 951 852 1036 diligentius
879 951 1087 1036 inquiramus.
1143 949 1240 1029 Quod
1265 957 1302 1015 ut
1327 950 1386 1016 fiat
1411 970 1516 1037 pauca
1546 950 1590 1016 de

415 1057 551 1123 historia
568 1056 663 1123 huius
677 1058 767 1122 vocis
782 1053 1024 1140 praemittenda
1037 1062 1120 1121 sunt.
1159 1052 1329 1137 Ἀγαλμα
1352 1056 1591 1137 antiquissimis
1692 1070 1698 1083 ·

414 1160 614 1245 temporibus
636 1159 716 1224 nihil
737 1157 902 1243 significat
922 1159 999 1224 uisi:
1022 1164 1246 1225 ornamentum
1269 1160 1339 1223 sive
1362 1156 1494 1224 deorum
1515 1160 1590 1224 sive

415 1262 624 1349 hominnm1).
670 1263 739 1329 Hos
761 1261 911 1328 conferas
934 1261 1039 1328 iocos:

449 1370 474 1421 Δ
493 1370 542 1425 144
563 1366 673 1438 βασιλῆι
694 1362 725 1419 δὲ
744 1368 832 1419 κεῖται
848 1356 967 1433 ἄγαλμα.
1002 1364 1082 1419 Pind
1100 1364 1180 1419 Nem.
1197 1363 1224 1419 X
1243 1368 1295 1424 125
1312 1362 1398 1420 ἔνθεν
1414 1360 1592 1432 ἁρπάξαντες

500 1446 598 1523 ἄγαλμ’
620 1448 701 1523 Ἀίδῃ,
721 1446 816 1517 ξεστὸν
833 1449 964 1519 uiupuv')

480 1556 574 1634 Quod
609 1563 716 1622 autem
752 1557 847 1622 alicui
882 1561 1071 1621 ornamento
1105 1560 1155 1622 est
1187 1555 1221 1621 id
1254 1558 1284 1621 ei
1313 1558 1412 1622 etiam
1443 1557 1591 1623 obiecta-

417 1667 559 1727 mentum
581 1660 626 1725 fit.

450 1762 492 1817 Oi.
511 1763 606 1832 Eurip.
619 1762 725 1817 Thocd.
742 1765 805 1819 1201
826 1756 928 1831 Μήτηρ
946 1756 1052 1829 πατρός
1070 1777 1114 1815 σοι
1126 1764 1292 1832 προστ1οησ’
1304 1758 1450 1833 ἀγάλματα
1462 1764 1518 1816 τῶν
1531 1765 1593 1817 σῶν

501 1852 562 1905 ποτ’
581 1844 676 1904 ὄντων.
713 1848 773 1903 Alc.
787 1852 845 1907 624.

480 1956 559 2022 Cum
587 1955 657 2022 deis
686 1953 772 2020 dona
801 1953 1001 2037 dedicentur,
1028 1961 1064 2019 ut
1090 1954 1131 2021 iis
1158 1954 1370 2040 delectentur,
1404 1955 1486 2024 haec
1513 1958 1591 2041 ipsa

415 2079 539 2125 summo
568 2062 636 2124 iure
667 2059 866 2139 ἀγάλματα
893 2063 1060 2123 vocantur.
1105 2058 1375 2127 iucundissimum
1399 2067 1508 2125 autem
1530 2058 1591 2126 do-

415 2165 539 2227 narium
567 2160 654 2243 quod
681 2160 742 2226 deo
771 2159 942 2225 dedicatur
970 2162 1078 2243 imago
1107 2163 1211 2245 ipsius
1240 2183 1281 2229 ex
1309 2182 1385 2229 aere
1412 2164 1465 2229 vel
1486 2164 1591 2229 alium

415 2268 448 2331 iu
472 2264 601 2331 modum
624 2264 700 2331 ficta
722 2262 894 2349 videturi).

479 2385 551 2463 Qua
578 2383 619 2450 de
646 2403 746 2451 causa
774 2378 915 2468 antiquis
943 2388 1009 2450 iam
1039 2386 1239 2471 temporibus
1267 2393 1376 2453 statua
1404 2389 1437 2451 in
1464 2388 1590 2473 templo

414 2492 522 2574 posita
544 2495 641 2571 atque
665 2488 818 2555 dedicata
841 2487 964 2572 ἄγαλμα
987 2488 1166 2575 vocatur4).

450 2609 822 2681 Os.Aeschy1.Eumen.5n
851 2606 897 2660 ant
921 2604 1024 2677 κόσμος
1047 2603 1109 2663 οὔτε
1132 2604 1299 2677 capricornio
1321 2606 1466 2679 ἀγάλματα
1489 2609 1590 2676 φέρειν

501 2698 608 2760 δίκαιος
620 2690 677 2751 οὔτ’
688 2694 716 2760 ἐς
728 2688 889 2763 ἀνθρώπων
901 2692 1004 2763 στέγας.
1024 2694 1185 2763 Sopholi.
1196 2700 1269 2755 1379.
1289 2695 1589 2767 Eurip.lph.Tcur.8'i

505 2787 598 2856 λαβεῖν
617 2777 724 2852 ἄγαλμα
742 2782 848 2850 θεᾶςῑ).

480 2889 545 2955 Sed
574 2891 724 2975 exposita
750 2888 886 2953 historia
914 2885 1008 2952 huius
1036 2888 1125 2954 vocis
1154 2909 1238 2955 nunc
1267 2887 1423 2956 nonedam
1452 2888 1495 2954 ad
1518 2893 1589 2975 epi·

414 2998 597 3077 grammata
612 2994 685 3075 ipsa
700 2990 906 3076 proferenda,
921 2992 955 3054 in
971 2990 1087 3073 quibus
1102 2990 1259 3075 ἄγαλμα
1279 2992 1425 3058 occurrit.
1465 2991 1536 3070 Qua
1551 2996 1588 3059 in

414 3114 494 3161 voce
505 3094 693 3161 adhibenda
703 3094 859 3161 formulas
869 3093 1028 3176 quasdam
1041 3102 1130 3160 ortas
1142 3114 1225 3179 esse,
1238 3098 1265 3161 si
1272 3094 1367 3161 huius
1379 3099 1509 3180 generis
1519 3098 1588 3182 epi-

414 3205 597 3283 grammata
613 3199 829 3284 perspexeris,
846 3195 935 3262 haud
951 3196 1049 3263 dubie
1065 3198 1142 3263 mihi
1158 3198 1326 3277 concedes.
1365 3200 1484 3265 Paucis
1500 3202 1586 3265 enim

415 3304 659 3387 epigrammatis
675 3303 819 3387 exceptis
834 3300 918 3366 hanc
935 3299 1009 3365 doni
1026 3301 1295 3384 significationem
1313 3322 1440 3389 semper
1463 3305 1586 3370 certis

415 3406 647 3490 quibusdam
681 3424 826 3471 versus
859 3403 958 3471 locis
985 3405 1046 3470 vel
1073 3406 1111 3469 in
1140 3406 1343 3472 similibus
1373 3409 1586 3474 structuris

415 3508 593 3574 adhibitam
622 3508 723 3574 vides.
780 3507 904 3585 Quibus
937 3510 970 3573 in
1001 3507 1246 3575 considerandis
1275 3511 1380 3574 eximo
1409 3516 1586 3577 structuras

415 3614 474 3674 σοὶ
502 3611 580 3675 τόδ’
605 3609 754 3694 ἄγαλμα
783 3616 816 3675 et
844 3612 976 3696 similes,
1005 3610 1045 3677 de
1073 3612 1189 3697 quibus
1212 3614 1276 3677 iam
1300 3632 1398 3697 supra
1421 3615 1484 3698 egi,
1512 3633 1584 3679 cum

414 3716 613 3800 pronominis
628 3713 765 3779 formam
782 3714 830 3775 oni
846 3716 878 3777 in
895 3713 1110 3781 dedicationis
1127 3715 1413 3782 conformationem
1430 3719 1583 3783 insertam

414 3822 598 3883 tractarem.
637 3815 815 3894 Quomiuus
834 3815 869 3880 id
889 3817 1080 3882 vocabulum
1097 3820 1200 3904 primo
1216 3838 1330 3885 versus
1344 3818 1415 3885 loco
1427 3826 1585 3905 ponerent

413 3927 532 4005 poetae
555 3926 656 3986 metro
679 3919 941 4005 impediebantur
963 3940 1028 4003 qua
1052 3920 1092 3987 de
1116 3941 1216 3987 causa
1231 3942 1295 3986 uon
1313 3923 1484 3989 miraberis
1499 3922 1585 4008 quod

485 4159 505 4219 ¹)
525 4155 567 4211 ot.
586 4158 665 4212 Eust.
684 4157 712 4211 in
730 4158 811 4213 Hom.
831 4156 861 4211 11.
880 4162 905 4209 Δ
923 4173 951 4209 v.
965 4163 1024 4226 144,
1042 4175 1070 4227 p·
1082 4163 1143 4226 456,
1156 4164 1198 4217 24.

481 4244 502 4309 ²)
523 4243 564 4298 Oi.
576 4242 678 4298 Suidcs
689 4260 711 4297 s.
722 4260 751 4298 V.
760 4238 881 4313 ἅγαλμαε
894 4246 1037 4314 Πίνδαρος
1048 4243 1078 4299 di
1090 4242 1140 4314 τὴν
1149 4243 1194 4299 ἐπὶ
1203 4241 1296 4313 τάφου
1307 4242 1407 4317 στήλην
1416 4241 1490 4301 οὕτω
1500 4251 1585 4304 καλεῖ.

482 4331 503 4395 ⁸)
523 4329 564 4384 ci.
584 4330 746 4384 Ducmmler
765 4331 782 4385 l.
795 4346 817 4386 c.
830 4347 858 4400 p.
873 4335 932 4389 201.

482 4418 504 4483 ⁴)
528 4415 570 4470 ct.
589 4417 647 4471 Leo
666 4417 772 4487 Meyer,
796 4416 955 4472 Handbuch
974 4419 1024 4474 der
1042 4418 1237 4489 griechischen
1255 4420 1446 4491 Etymologie,
1469 4422 1586 4493 Leipzig

413 4505 513 4572 (1901),
532 4504 552 4570 l,
570 4518 598 4571 p.
617 4507 676 4561 109.

481 4590 503 4657 ⁶)
527 4590 613 4643 Plura
640 4590 675 4644 de
703 4589 756 4645 hac
783 4607 855 4646 voce
880 4592 1003 4646 invenis:
1031 4592 1167 4648 Herodi
1188 4597 1247 4650 131.
1284 4594 1362 4651 1142
1382 4599 1470 4653 et46.
1511 4596 1585 4651 Plat.

413 4675 543 4745 Phaedr,
561 4692 588 4744 p.
610 4680 669 4744 251,
687 4676 721 4731 A.
1500 4706 1506 4713 ·
