3717 5434
831 756 913 846 ss.

352 884 537 949 Proximum
559 888 608 948 est
629 888 664 946 ut
683 880 829 965 doceam,
853 877 1124 963 quemadmodum
1147 876 1350 942 dedicatio
1373 877 1459 960 ipsa

284 991 319 1053 in
336 987 580 1073 epigrammatis
595 984 803 1050 dedicatoriis
819 989 978 1067 concepta
993 984 1045 1047 sit.
1082 982 1153 1046 Has
1174 982 1272 1063 igitur
1285 982 1458 1046 statuimus

286 1090 303 1155 f
322 1110 424 1155 rmas:

301 1112 351 1259 0Α.
374 1193 582 1259 Formulae
604 1191 695 1257 inde
711 1192 758 1256 ab
774 1190 1066 1273 antiquissimis
1081 1188 1457 1273 temporibususque

373 1295 421 1361 ad
444 1296 607 1361 saecula
630 1316 661 1381 p.
678 1294 760 1361 cnr.
776 1316 806 1359 n.
823 1296 1016 1359 usitatae:

376 1404 398 1457 1.
418 1393 433 1452 ὁ
453 1400 531 1453 δεῖνα
551 1393 697 1467 ἀνέθηκεν.

374 1490 400 1543 2.
418 1481 434 1539 ὁ
453 1486 533 1540 δεῖνα
550 1480 725 1555 μ’ἀνὲθεκεν,

374 1575 399 1631 3.
417 1573 477 1642 θεῷ
497 1566 652 1641 ἀνάκειμαι.

374 1665 400 1717 4.
419 1654 434 1713 ὃ
453 1660 531 1714 δεῖνα
549 1659 602 1729 col,
619 1655 697 1727 θεός,
716 1656 862 1727 ἀνέθηκεν.

372 1749 398 1804 5.
416 1740 494 1815 θεός,
512 1743 594 1814 δέχου
611 1746 712 1815 δῶρον.

373 1836 399 1889 6.
416 1836 503 1901 χαῖρε,
521 1828 600 1896 θεός.

372 1924 398 1976 7.
417 1918 604 1975 dedicationis
622 1920 710 1989 ipsius
729 1918 848 1996 verbum
867 1918 1014 1974 omittitur.

309 2007 347 2071 B.
372 2007 579 2073 Formulae
602 2008 865 2074 recentiores:

376 2114 400 2167 1.
418 2106 553 2177 ἀνέθηκα.

369 2200 395 2253 2.
414 2190 429 2250 ὁ
448 2197 527 2250 δεῖνα
548 2190 732 2265 ἅνεκρὲμασέν
748 2216 783 2251 τι.

372 2287 397 2340 3.
416 2288 514 2353 κεῖσαι,
532 2284 631 2352 δῶρον.

270 2381 273 2387 ’
349 2389 387 2453 Α.
410 2388 583 2455 Formuiae
610 2387 686 2454 inde
716 2390 763 2455 ab
793 2391 1090 2473 antiquissimis
1118 2390 1362 2474 temporibus
1391 2389 1454 2453 usi-

282 2498 390 2560 tatae:

353 2597 379 2660 l.
403 2596 637 2678 Antiquissima
658 2602 691 2661 et
706 2596 953 2683 simplicissima.
962 2594 1136 2662 dedicandi
1158 2595 1264 2662 forma
1286 2601 1336 2661 est
1357 2595 1455 2660 baec:

283 2701 322 2765 Is
351 2702 418 2783 qui
451 2698 612 2765 dedicat
644 2707 808 2766 vocatur
835 2720 930 2766 casu
958 2702 1200 2766 nominativo
1228 2705 1267 2764 et
1295 2700 1454 2764 coniun-

281 2806 390 2885 gitur
412 2822 495 2868 cum
521 2801 663 2868 idonea
685 2804 796 2869 verbi
819 2803 965 2865 τιθέναι
988 2804 1049 2869 vel
1072 2803 1292 2866 ἀνατιθέναι
1320 2801 1452 2867 forma.

317 2906 364 2959 Pr.
388 2908 421 2961 66
446 2906 559 2973 (quarto
582 2905 697 2961 saeculo
719 2922 775 2961 uon
798 2904 967 2975 recentium)
990 2901 1131 2975 Ἡρακλῆς
1151 2900 1355 2973 Ἀμφιτρύωνος
1371 2895 1455 2958 ‘Htw

371 2988 440 3045 ἑλὼν
459 2988 630 3061 tribunam).
661 2990 756 3047 Simile
774 2991 943 3061 exemplum:
966 2992 1070 3048 Hoffn.
1084 2997 1133 3051 341
1152 2993 1239 3059 (saec.
1257 2992 1296 3046 111
1303 2993 1329 3059 a)
1342 2984 1456 3061 ‘'Hp[u]a

372 3076 459 3146 Θηρὶς
471 3074 609 3147 ἀνέθηκεν
620 3083 686 3142 παῖς
699 3076 848 3148 bipedaneo.
879 3082 1034 3135 Praeterea
1051 3079 1087 3133 cf.
1099 3079 1153 3133 Kb.
1167 3082 1219 3137 780
1232 3082 1319 3147 (saec.
1332 3077 1453 3139 III—la)

374 3159 464 3233 Τήνόε
482 3166 688 3235 Ποσείδ[ιππος]
703 3207 708 3219 .
722 3207 727 3218 .
743 3206 748 3219 .
762 3162 845 3221 εἰκόν’
858 3164 969 3235 ἔθηκεν.
1004 3166 1058 3220 Kb.
1072 3170 1125 3224 800
1137 3168 1235 3234 (aetat.
1247 3166 1340 3233 Rom.)
1358 3161 1455 3235 βωμὸν

370 3249 493 3320 ἔθηκεν.
507 3293 513 3305 .
527 3293 533 3306 .
545 3252 659 3321 Μαίων.
695 3252 766 3307 Ditt.
778 3257 837 3311 763.
851 3258 911 3312 769.
923 3258 984 3311 779.

348 3357 501 3423 Plurimis
532 3358 565 3422 in
599 3360 844 3444 epigrammatis
872 3360 963 3425 verbi
995 3358 1133 3425 formam
1167 3357 1302 3441 ἀνέθηκε
1330 3358 1452 3422 certis

281 3459 520 3543 quibusdam
548 3481 686 3527 versus
709 3461 809 3527 loeis
834 3463 975 3545 positam
1003 3460 1159 3528 ridemus.
1205 3458 1453 3527 Consideremus

281 3565 382 3647 igitur
404 3566 541 3648 primum
564 3566 822 3647 antiquissimam
845 3564 939 3631 huius
961 3567 1090 3649 generis
1114 3564 1285 3630 formulam
1307 3566 1353 3627 ita
1377 3583 1452 3628 con-

281 3665 468 3750 formatam,
501 3673 537 3732 ut
563 3668 692 3733 altero
720 3670 944 3734 sententiae
971 3670 1057 3735 loco
1085 3669 1176 3734 verbi
1203 3666 1308 3732 iorma
1336 3672 1451 3732 exstet.

280 3770 375 3835 Haeo
398 3776 472 3837 sunt
495 3771 659 3856 exempla:

316 3871 371 3929 Kb.
386 3876 437 3931 738
456 3874 542 3941 (saec.
554 3874 626 3941 vla)
646 3868 846 3942 Κου[φαγο’ρας
865 3870 1022 3943 ἄνέθηῂεν.

316 3959 373 4017 Kb·
386 3963 437 4017 769
456 3966 543 4027 (saec.
555 3961 629 4029 iva)
648 4003 674 4016 ..
689 3958 812 4029 ,θέρσης
830 3956 976 4029 ἀνέθηκεν.

353 4140 374 4205 ¹)
395 4138 436 4193 Or.
456 4140 538 4209 Preg.
558 4137 594 4193 ad
612 4138 686 4194 bunc
704 4139 786 4208 titul„
804 4154 831 4207 p.
845 4143 885 4198 53.

359 4226 381 4293 ⁹)
401 4226 480 4281 Haec
499 4225 686 4281 dedicationis
704 4225 805 4294 verba,
823 4226 852 4279 in
871 4225 973 4295 quibus
990 4242 1037 4281 res
1056 4242 1128 4296 quae
1147 4226 1295 4282 dedicatur
1313 4228 1452 4283 omittitur

280 4312 434 4367 simulacro
453 4312 590 4381 inscripta
608 4316 682 4367 sunt.
718 4314 811 4382 (Preg.
825 4311 861 4367 ad
874 4312 948 4367 bunc
960 4313 1041 4382 titul„
1059 4329 1087 4381 p.
1099 4314 1151 4380 53.)
1186 4313 1341 4368 Donarium
1359 4314 1451 4382 ipsum

280 4399 312 4453 in
336 4398 568 4467 inscriptionibus
594 4399 739 4469 inlepide
762 4400 858 4454 incisis
880 4400 1021 4455 interdum
1043 4416 1100 4455 non
1122 4400 1260 4455 nominari
1283 4398 1452 4456 observavit

280 4490 369 4555 atque
388 4485 529 4555 explicare
549 4491 668 4541 conatus
686 4491 731 4541 est
747 4486 882 4555 Reinacb,
900 4487 999 4542 'lbaite
1014 4485 1207 4557 d’epigraphie
1219 4502 1350 4557 greoque
1368 4487 1450 4541 Paris

283 4576 361 4641 1885,
379 4589 406 4641 p.
425 4576 485 4638 386,
504 4572 613 4628 dicens:
641 4574 680 4628 Le
703 4589 768 4628 nom
793 4572 828 4627 de
851 4573 951 4644 l'objet
973 4574 1008 4629 de
1032 4574 1060 4629 la
1084 4573 1218 4629 dedicace
1242 4576 1315 4628 n'est
1331 4589 1384 4642 pas
1403 4590 1450 4629 ex-

281 4658 382 4729 prime,
399 4674 487 4728 parce
506 4675 559 4727 que
578 4658 676 4730 l'objet
694 4660 784 4713 meme
804 4658 889 4713 disait
907 4676 989 4716 assez
1009 4677 1042 4715 ce
1061 4661 1126 4729 qu‘il
1145 4661 1224 4715 erait.
