3717 5434
852 538 892 603 47

284 715 321 776 in
344 731 409 777 uno
431 716 556 775 tantum
580 711 814 795 epigrammate
836 708 921 775 hane
947 728 1061 776 vocem
1084 708 1208 792 ἄγαλμα
1232 710 1265 774 in
1288 728 1383 774 versu
1406 712 1459 775 in·

287 821 407 880 eunte
430 816 569 899 positam
593 812 686 879 vides
708 812 794 895 quod
817 819 851 877 ut
874 812 967 878 fieret
989 811 1125 878 articulo
1148 810 1260 877 addito
1284 832 1365 897 opus
1380 818 1460 878 erat.

285 920 327 983 A
342 920 380 983 P.
393 918 437 982 Vl
454 918 518 985 338
534 914 726 1002 (Theocriti)
750 915 897 997 τῶγαλμα
914 913 1080 998 Ξενοκλῆς,
1103 918 1193 979 τοῦτο
1210 916 1243 978 τὸ
1260 918 1459 999 μαρμάρινον.

354 1022 555 1106 Saepissime
598 1020 660 1085 hoe
703 1017 895 1084 vocabulum
940 1018 1078 1101 legimus
1122 1019 1160 1082 in
1204 1020 1333 1103 primo
1378 1020 1460 1103 epi-

286 1130 551 1208 grammatum
573 1123 801 1188 hexametro
824 1127 999 1186 exeunte.

324 1226 379 1280 Kb.
396 1230 448 1284 740
466 1227 552 1293 (saec.
565 1225 605 1281 Vl
618 1226 654 1293 a.)
678 1226 739 1277 Παῖ
754 1218 828 1287 Διός,
847 1220 1004 1290 Ἐκφάντωι
1026 1221 1103 1289 δέξαι
1125 1219 1182 1278 τόδ’
1200 1219 1322 1291 &permis
1345 1217 1460 1293 ἄγαλμα.

378 1312 486 1367 ibidem
497 1311 741 1379 lltlsaechai.
760 1314 811 1367 744
821 1310 989 1378 (streuva).
1009 1311 1276 1379 805taetat.R0m.).
1295 1311 1461 1365 Praeterea:

376 1399 480 1454 Hoffm.
498 1403 556 1456 213.
576 1401 635 1455 224.
652 1401 711 1455 226.
731 1400 790 1455 230.
808 1401 868 1454 231.
886 1400 946 1454 272.
963 1400 1022 1455 307.
1041 1400 1101 1454 318.
1142 1396 1237 1451 Adde:
1261 1398 1294 1451 A.
1307 1397 1338 1451 Ρ.
1351 1397 1390 1452 VI
1408 1400 1461 1455 268

378 1476 560 1554 (Mnasaloae)
582 1486 672 1541 Τοῦτο
688 1486 740 1552 σοι’,
750 1478 856 1553 ’Ἄρτεμι
868 1484 922 1549 δῖα,
935 1479 1099 1551 Κλεώνυμος
1111 1482 1195 1537 εἵσατ’
1213 1476 1328 1553 ripum.
1358 1484 1397 1539 Vl
1409 1486 1461 1542 332

377 1574 548 1641 (Hadriani).
585 1571 628 1628 Of.
647 1572 731 1626 etiam
749 1571 783 1626 A.
795 1571 875 1625 Plan.
890 1571 927 1627 lV
943 1575 993 1628 164
1010 1570 1156 1640 (Luciani).

356 1663 393 1726 ln
409 1660 536 1727 duobus
551 1662 796 1745 epigrammatis
819 1661 933 1724 metri
956 1678 1077 1726 eausa
1099 1658 1134 1723 id
1157 1657 1347 1724 vocabulum
1371 1666 1461 1725 ante

286 1765 466 1830 ultimam
489 1766 729 1849 pentametri
752 1782 889 1829 vocem
912 1765 1053 1848 positum
1076 1762 1238 1828 videmus:

324 1866 380 1921 Kb.
394 1870 446 1925 830
460 1867 559 1934 (aetat.
571 1866 663 1935 Rom.)
682 1861 742 1929 υἱὸς
759 1864 918 1929 Λασθένους
937 1866 1033 1935 στῆσεν
1051 1860 1160 1933 ἄγαλμα
1178 1862 1247 1918 τόδε.
1285 1864 1320 1918 Α.
1332 1866 1362 1917 Ρ.
1375 1864 1414 1919 Vl
1427 1868 1461 1923 96

378 1953 495 2023 (Eryeii)
515 1954 661 2022 ...vuplp
680 1949 766 2007 καλὸν
784 1946 890 2021 ἄγαλμα
909 1952 993 2024 θεῷ.

355 2028 510 2106 Formula
533 2041 694 2124 quaedam
717 2046 807 2108 eerta
828 2041 922 2107 nobis
946 2039 1073 2105 videtur
1095 2041 1264 2109 verborum
1280 2043 1461 2107 coniunctio

287 2146 440 2228 ἄγαλμα
464 2144 665 2227 ἀνέθηκεν,
693 2164 789 2227 quam
812 2150 844 2210 et
866 2146 899 2209 in
922 2143 1030 2211 medio
1051 2164 1148 2211 versu
1171 2147 1258 2210 etin
1281 2148 1350 2211 eius
1373 2147 1461 2210 exitu

287 2250 432 2334 positam
454 2249 574 2313 inveni.
620 2247 793 2315 Conferas:

324 2350 430 2404 Hoffm.
451 2354 504 2406 220
520 2354 606 2418 (saec.
621 2350 660 2405 VI
673 2352 709 2417 a.)
729 2391 734 2402 .
749 2391 754 2401 .
770 2343 899 2419 ,ἄγαλμ’
919 2346 1053 2419 ἀνέθθηκε
1067 2392 1072 2402 .
1088 2390 1113 2402 .,
1149 2350 1204 2405 Kb.
1217 2355 1269 2409 754
1287 2352 1460 2420 (sasave.)

443 2429 551 2505 ἄγαλμα
570 2433 708 2505 ἀνέθηκεν
726 2478 731 2489 .
747 2478 773 2489 ..
809 2438 841 2491 In
859 2452 946 2491 versu
969 2438 1064 2490 autem
1089 2441 1209 2491 exeunte
1227 2441 1259 2490 ut
1276 2438 1362 2492 etiam
1379 2436 1462 2492 huius

378 2524 490 2593 generis
515 2523 690 2594 epigramma
713 2522 856 2593 proferam
879 2524 962 2579 vides
984 2536 1046 2578 earn
1065 2522 1213 2576 termulam
1238 2524 1314 2591 apud
1337 2524 1392 2579 Kb.
1410 2529 1462 2583 785

379 2612 465 2678 (saec.
478 2612 504 2663 11
522 2611 569 2666 vel
588 2612 650 2680 Ia.)
668 2605 777 2679 Κούρακ
794 2610 842 2665 καὶ
859 2610 987 2681 Δάματρα
1004 2606 1083 2665 οἶκον
1100 2608 1147 2663 καὶ
1165 2602 1262 2679 ἄγαλμ’
1280 2604 1427 2679 ἀνέθηκαν.

354 2699 385 2762 4.
402 2699 556 2765 Venimus
571 2698 613 2764 ad
630 2705 777 2783 quartam
794 2698 919 2764 donarii
936 2697 1205 2783 significationem
1215 2716 1296 2765 voce
1312 2697 1460 2783 ἄθυρμα

289 2802 536 2868 conformatam.
582 2801 785 2885 Quamquam
813 2804 845 2867 in
876 2821 939 2869 uno
963 2808 1087 2869 tantum
1118 2801 1352 2886 epigrammate
1375 2801 1460 2867 hano

289 2905 367 2971 doni
390 2906 659 2988 significationem
681 2907 800 2991 inveni,
824 2913 934 2971 tamen
956 2907 1070 2991 paueis
1092 2924 1165 2971 eam
1188 2906 1368 2990 explicabo.

354 3008 398 3075 Ut
436 3008 576 3075 lucidum
614 3008 797 3093 exemplum
835 3009 1031 3094 praebeatur
1068 3016 1244 3094 aperteque
1286 3008 1461 3075 illustretur

289 3130 425 3179 voeem
459 3111 606 3196 ἄθυρμα
640 3111 741 3177 idem
776 3120 890 3196 atque
924 3114 1074 3195 ἄγαλμα
1108 3113 1344 3195 significare
1376 3111 1461 3179 hune

290 3217 350 3281 tibi
375 3216 476 3281 affero
500 3215 621 3282 locum:

325 3320 497 3373 Anacreont
517 3333 601 3373 earm.
614 3321 648 3377 53
667 3318 717 3385 (εἰς
734 3312 831 3386 ῥόδον)
851 3318 984 3388 (Βονςθιί)

664 3400 728 3457 τάδε
746 3404 795 3459 καὶ
811 3406 920 3475 βροτῶν
938 3401 1048 3475 χάρημα

666 3486 786 3559 Χάρινίν
804 3485 931 3561 τ’ἅραλμ’
951 3489 981 3545 ἐν
1000 3485 1093 3558 ὥραις,

666 3576 851 3632 πολυανθέων
864 3572 991 3647 Ἐρώτων

661 3660 842 3732 Ἀφροδίσιόν
859 3657 1012 3733 τ’ἄθνρμα.

329 3752 440 3823 Hedyle
459 3767 504 3820 ap.
516 3750 610 3805 Athen
627 3768 656 3819 p.
670 3750 746 3807 norb
764 3767 883 3806 narrans
900 3751 1037 3806 Glarruum
1051 3750 1164 3822 Scyllae
1181 3753 1209 3807 in
1227 3757 1339 3807 antrum
1358 3753 1462 3808 donum

379 3838 486 3906 tulisse,
495 3837 525 3891 id
534 3836 625 3906 ipsum
637 3853 711 3892 vooe
722 3832 837 3907 ἄθυρμα
849 3837 998 3908 signifieat
1017 3836 1112 3893 Simile
1124 3839 1377 3909 exemplumhabes
1385 3841 1420 3895 A.
1430 3842 1461 3895 P.

379 3926 419 3981 Vl
434 3928 467 3983 37
487 3922 598 3990 (incerti
617 3924 752 3993 auctoris)
772 3965 820 3977 ...
839 3925 915 3979 Πανί
933 3922 963 3978 δὲ
983 3965 1028 3980 ...
1048 3920 1135 3979 καλὸν
1153 3918 1296 3996 ἇθνρμαῑ)
1314 3923 1463 3983 κάτθεσαν.

356 4015 385 4077 5.
410 4011 498 4077 Satis
521 4011 622 4077 multa
644 4009 685 4076 de
708 4030 787 4078 voce
811 4010 950 4096 ἅθυρρα;
979 4015 1122 4098 sequitur
1146 4018 1267 4097 μνῆμα
1293 4013 1461 4080 donarium

293 4114 489 4199 significans,
517 4113 645 4197 deque
672 4116 908 4197 significatione
939 4118 1121 4182 aeeuratius
1147 4123 1198 4183 est
1220 4116 1461 4203 disputandum.

355 4218 449 4285 Hane
472 4216 598 4282 donarii
622 4216 890 4301 significationem
915 4220 981 4283 iam
997 4220 1200 4302 Reisehius2)
1222 4222 1329 4304 tangit
1349 4220 1461 4286 dicens

292 4322 525 4407 antiquissimis
548 4321 746 4406 temporibus
770 4320 887 4387 donum
912 4342 931 4387 a
955 4322 1090 4389 Graecis
1119 4322 1303 4390 dedicatum
1331 4343 1403 4389 esse
1427 4332 1461 4389 ut

362 4483 383 4547 ¹)
402 4480 490 4545 Quem
512 4482 603 4536 looum
623 4481 725 4536 Suidas
744 4498 767 4535 s.
785 4498 812 4535 v.
833 4475 949 4552 ἄθυρμα
973 4483 1094 4538 afferens
1119 4485 1270 4539 adnotavit
1292 4484 1375 4538 baec:
1400 4480 1461 4539 snt

291 4567 342 4621 wir
359 4560 466 4636 ἄγαλμα

362 4655 384 4722 ¹)
402 4654 434 4708 ln
451 4653 654 4709 dasdamus
672 4668 757 4723 quam
776 4669 862 4724 supra
879 4656 938 4711 dixi
955 4658 1077 4712 menum.
