3717 5434
994 628 1014 693 2

901 719 1102 727 ——-—————

965 800 1042 889 pr.

482 906 589 989 Atque
611 908 749 991 primum
771 903 866 969 nobis
881 902 944 969 hac
966 904 1000 967 in
1015 922 1050 968 re
1065 901 1291 987 inquirendum
1314 923 1388 970 esse
1410 909 1499 989 puto,
1521 924 1588 988 qna

419 1012 548 1076 ratione
571 1011 677 1092 isqui
700 1010 834 1075 dedicat
856 1010 889 1073 in
913 1010 1163 1089 epigrammatis
1186 1011 1402 1091 significetur.

484 1112 553 1177 Has
575 1112 673 1196 igitur
696 1113 866 1177 statuimus
888 1108 1026 1176 formas:

453 1217 479 1280 1.
505 1213 615 1285 οὖτος
639 1213 833 1299 ἀνέθηκεν.

451 1318 481 1384 2.
504 1316 559 1386 τίς
584 1316 791 1401 ditinum
994 1403 1007 1466 l

482 1507 525 1573 lit
548 1508 805 1591 antiquissimam
829 1511 861 1571 et
884 1506 1157 1591 simplicissimam
1186 1504 1322 1570 formam
1350 1507 1489 1591 legimus
1516 1526 1589 1573 eam

418 1613 456 1675 in
479 1629 553 1694 qua
580 1629 752 1695 persona
775 1607 967 1674 dedicans
995 1608 1148 1673 nomine
1177 1607 1407 1693 appellatur
1434 1615 1472 1675 et
1500 1630 1589 1675 con·

418 1714 596 1798 iungitur
618 1732 702 1778 cum
724 1712 846 1778 verbo
870 1711 996 1778 linito.
1041 1711 1191 1796 Exempli
1215 1731 1316 1778 causa
1338 1713 1455 1779 affero:

452 1832 506 1888 Kb.
526 1835 579 1891 738
598 1832 772 1900 (saecvla)
793 1826 992 1901 Κοο[φαγὸρας
1009 1824 1166 1900 ‹isiliplm

438 1922 499 1975 ‘Pa
520 1923 569 1977 119
588 1921 674 1987 (saec.
686 1919 747 1987 Va)
769 1913 851 1972 Tisd'
870 1914 984 1987 ἀνέθηκ’
997 1913 1101 1987 Ἑρμῆν
1116 1912 1283 1987 Δημήτριος.

453 2007 524 2061 Ditt.
538 2009 590 2064 768
603 2001 739 2075 ’Δηίοχος
756 2004 803 2061 καὶ
820 1997 970 2073 sinopae.
985 2044 991 2058 .
1005 2046 1012 2059 .
1026 2000 1178 2073 ἀνέθηκαν.

485 2110 551 2177 Sed
574 2112 807 2194 antiquissimis
834 2112 900 2176 iam
922 2111 1121 2195 temporibus
1150 2111 1216 2176 alia
1239 2109 1344 2177 forma
1370 2109 1518 2176 adbibita
1540 2114 1590 2176 est

419 2217 466 2279 ita
488 2220 647 2299 concepta
668 2220 714 2298 ut,
742 2215 769 2278 si
796 2232 913 2279 nomen
937 2215 1017 2299 eius,
1047 2215 1101 2297 qui
1124 2211 1265 2297 dedicat,
1293 2214 1439 2298 affertur,
1467 2212 1588 2296 aliquid

419 2318 540 2383 nomini
563 2317 743 2383 adiiciatur.
789 2315 988 2401 Saepissime
1011 2317 1096 2382 enim
1118 2322 1154 2381 ut
1176 2316 1382 2382 dedicantem
1406 2317 1588 2382 accuratius

419 2421 601 2487 indicarent
640 2424 758 2505 poetae
795 2420 1054 2505 epigrammatici
1089 2420 1159 2485 eius
1198 2420 1337 2503 patriam
1374 2420 1588 2484 inseruerunt.

422 2524 520 2590 Ouius
543 2526 589 2589 rei
613 2529 646 2588 ut
669 2523 820 2609 exempla
842 2524 944 2589 oculis
967 2524 1136 2589 subiiciam
1159 2520 1274 2588 videas
1296 2521 1393 2586 haec:

455 2642 510 2698 Kb.
522 2647 574 2701 744
592 2644 679 2711 (saec.
694 2642 754 2711 Va)
774 2641 942 2711 Πραξιτέλης
960 2637 1082 2711 ἀνέθηκε
1099 2637 1285 2710 Συρακόσιος.

455 2730 510 2787 Kb.
522 2735 573 2789 762
593 2733 678 2798 (saec.
692 2729 753 2795 Va)
767 2725 928 2798 Ἀρχέδημος
947 2723 962 2783 ὃ
982 2731 1115 2797 Θηραῖος.

455 2817 500 2870 Pr.
514 2820 547 2875 55
565 2820 652 2885 (saec.
664 2817 751 2882 Va²))
772 2810 877 2882 Φόρμις
896 2809 1035 2883 ἀνέθηκεν
1049 2810 1144 2883 Ἀρκὰς
1160 2810 1326 2877 Μαινάλιος.

484 2920 565 2986 Inde
587 2920 798 2985 recentiores:

456 3039 490 3094 A.
503 3041 536 3093 Ρ.
548 3040 587 3094 Vl
608 3041 656 3096 188
680 3036 833 3105 (Leonidae
857 3036 1015 3104 Tarentini)
1038 3033 1069 3089 Ὁ
1095 3031 1173 3106 Κρὴς
1200 3038 1361 3109 Θηρίμαχος
1385 3032 1420 3091 τὰ
1448 3031 1591 3107 ιαμοβό1ιι

509 3124 583 3180 Πανὶ
597 3166 602 3179 .
618 3164 644 3177 ..
658 3121 798 3191 ἐκρέμασε.

456 3211 490 3267 Α.
503 3212 535 3267 Ρ.
547 3212 587 3267 VI
600 3215 650 3270 209
669 3209 823 3279 (Antipatri
842 3209 1117 3279 Thessalonicensis)
1143 3208 1258 3273 Βιθυνὶς
1281 3210 1396 3279 amca)
1420 3227 1453 3278 pe
1472 3250 1477 3262 .
1496 3249 1502 3261 .
1520 3252 1526 3264 .
1544 3203 1591 3261 ἆο-

508 3293 639 3367 soluere,
658 3293 759 3365 Κύπρι.
1538 3294 1541 3299 ’

486 3403 640 3469 Permulti
675 3407 783 3467 autem
817 3404 1086 3487 epigrammatum
1120 3411 1269 3470 auctores
1304 3401 1479 3469 secundum
1507 3420 1591 3466 corn-

423 3527 552 3573 munem
568 3505 765 3577 Graecorum
781 3524 873 3570 usum
888 3524 1006 3571 nomen
1020 3508 1125 3591 patris
1141 3510 1170 3573 ei
1186 3527 1271 3591 quae
1286 3506 1418 3573 dedicat
1433 3523 1591 3589 personae

423 3610 627 3677 addiderunt.
674 3608 768 3686 Quod
791 3628 832 3674 ex
854 3609 906 3675 his
928 3611 1173 3694 epigrammatis
1197 3610 1352 3675 elucebit:

423 3846 540 3918 Sylloge
564 3848 797 3918 epigrammatum
822 3848 995 3905 Graecorum
1018 3847 1062 3902 ed.
1087 3847 1123 3901 ab
1147 3846 1328 3915 Hoffmanno,
1350 3846 1430 3900 Halis
1450 3845 1592 3901 Saxonum

423 3936 491 3992 1893
505 3934 637 4003 (Hoffm.)
673 3937 827 3990 Praeterea
844 3935 966 4002 inspexi:
985 3932 1186 4003 Anthologiam
1198 3933 1357 3987 Palatinam
1370 3937 1400 3987 et
1410 3933 1593 3999 Planudeam,

423 4036 541 4089 quarum
560 4022 698 4076 editiones
711 4022 908 4077 Iacobsianam
927 4025 956 4075 et
969 4019 1264 4075 Stadtmuellerianam
1283 4037 1327 4075 me
1345 4019 1508 4075 adhibuisse
1527 4033 1592 4073 con·

424 4111 589 4164 seutaneum
602 4113 654 4177 est,
668 4109 870 4178 Inscriptiones
885 4107 1101 4175 ascriptoribus
1113 4106 1235 4161 traditas
1248 4107 1290 4162 ed,
1305 4124 1322 4161 a
1334 4109 1467 4176 Pregero,
1480 4106 1593 4174 Lipsiae

425 4197 490 4251 1901
521 4197 602 4264 (Pr),
633 4194 779 4266 Syllogam
808 4194 1023 4262 inscriptionum
1050 4209 1217 4263 graecarum
1248 4194 1292 4248 ed.
1320 4210 1338 4247 a
1364 4192 1594 4260 Dittenbergero,

422 4280 536 4348 Lipsiae
562 4286 629 4340 1900
653 4283 753 4351 (bitu),
781 4280 949 4337 Insehriiten
972 4280 1163 4350 griechischer
1185 4279 1346 4349 Bildhauer‚
1370 4278 1414 4334 ed.
1438 4294 1455 4333 a
1478 4280 1594 4348 Loewy‚

423 4367 540 4437 Leipzig
567 4372 633 4427 1885
654 4370 793 4439 (Loewy),
823 4368 955 4423 Carmina
981 4368 1071 4421 latina
1094 4367 1277 4437 epigrapbiea
1304 4367 1347 4423 ed.
1372 4383 1390 4421 a
1412 4362 1595 4433 Buechelero,

423 4454 537 4524 Lipsiae
552 4458 618 4514 1895
638 4454 737 4524 (Eeb),
754 4456 957 4523 Inscriptiones
969 4453 1072 4508 latinas
1086 4454 1209 4509 selectas
1222 4453 1266 4507 ed.
1279 4453 1460 4521 aDessauio‚
1471 4451 1594 4506 Berolini

424 4546 493 4600 1908
512 4542 626 4609 (Desa).

495 4631 515 4695 ¹)
539 4629 701 4697 „Inscriptio
721 4632 766 4683 est
783 4628 879 4697 magni
896 4626 1016 4695 donarii,
1035 4627 1111 4697 quod
1129 4625 1269 4695 Phormio,
1287 4624 1403 4681 Gelonis
1422 4630 1452 4680 et
1463 4622 1595 4679 Hieronis

424 4718 608 4783 tyrannorum
629 4714 693 4783 dux,
712 4714 858 4785 Olympiae
878 4712 1035 4768 dedicavit*
1056 4716 1172 4782 Preger.
