3717 5434
878 563 913 628 ll

373 740 558 821 Nymphae.
592 734 898 820 ποταμοῦκὸραι.
931 736 1157 803 A.P.V1189
1172 736 1336 819 (Moerus).

372 859 481 925 Etiam
496 857 658 922 Romani
679 856 801 922 similes
819 856 951 921 deornm
967 856 1221 941 significationes
1236 858 1317 922 5115
1332 857 1477 922 carmina

305 960 510 1029 dedicatoria
533 962 620 1025 5115
643 956 870 1045 inscriptiones
892 959 1037 1045 pedestri
1060 979 1208 1025 sermone
1231 964 1406 1045 conceptas
1427 978 1476 1023 re-

306 1069 474 1151 ceperunt.
519 1062 609 1129 Haec
632 1068 707 1129 5551
729 1063 895 1148 exempla:

373 1189 534 1279 Bacchus.
578 1184 657 1251 Bcb.
676 1185 759 1251 1519
782 1186 1124 1284 (55551155555115).
1148 1184 1266 1251 Leiber
1281 1234 1288 1247 .
1306 1233 1313 1248 .
1331 1233 1338 1246 .
1355 1183 1476 1249 Iovise

307 1291 444 1357 fulmine
466 1294 572 1356 natus.

375 1413 543 1479 Hercules.
587 1409 667 1477 Boh.
681 1408 745 1479 868
768 1412 977 1496 (5555115.)
999 1409 1124 1476 Alcide.

343 1530 472 1586 Eandem
500 1530 545 1585 dei
571 1530 781 1587 invocationem
805 1530 907 1587 babes:
934 1530 1004 1587 Bcb.
1020 1535 1073 1590 869
1096 1533 1184 1599 (saec.
1199 1531 1285 1600 1115).
1326 1529 1477 1586 cleliam

398 1617 449 1673 Ov.
466 1616 525 1673 ber.
543 1622 568 1687 9,
585 1621 628 1677 rb.
658 1617 723 1674 Son.
740 1619 822 1674 Herc.
839 1618 893 1674 tur.
913 1621 989 1677 1350.
1031 1619 1186 1674 Praeterea
1202 1617 1339 1673 Hercules
1357 1620 1479 1673 vocatur

395 1703 524 1760 Alcides:
542 1704 629 1775 Verg.
640 1704 712 1761 Aen.
725 1705 765 1761 Vl
777 1707 836 1764 125.
859 1706 927 1761 Hor.
941 1720 1026 1761 carm.
1038 1706 1052 1761 1
1063 1710 1106 1774 12,
1117 1709 1158 1764 25.

375 1814 530 1877 Fortuna.
568 1811 663 1877 Dess.
680 1810 775 1877 3684.
812 1810 958 1878 Fortuna
972 1812 1076 1877 Diovo
1098 1810 1195 1876 fileia.
1232 1808 1380 1875 Eandem
1395 1807 1478 1874 deae

311 1912 578 1997 significationem
615 1912 707 1980 vides
749 1913 871 1981 ibidem
909 1914 1008 1983 3685:
1045 1914 1209 1981 Fortunae
1245 1914 1331 1979 loris
1367 1931 1479 1998 puero,

310 2015 433 2082 ibidem
457 2016 552 2103 3686,
573 2017 777 2083 notissimum
800 2018 964 2084 Fortunae
987 2019 1220 2084 Praenestinae
1242 2034 1413 2100 agnomen.

876 2231 917 2297 11.

375 2350 527 2434 Sequitur
550 2352 654 2417 altera
677 2351 730 2417 dei
753 2352 946 2436 significatio
970 2372 1034 2435 qua
1061 2357 1096 2416 ut
1124 2371 1223 2437 snpra
1250 2350 1390 2417 diximus
1412 2370 1479 2436 po·

309 2455 440 2519 tentia
463 2452 524 2520 dei
548 2454 738 2521 celebratur.

376 2574 467 2640 Haec
493 2574 638 2659 epitheta
660 2596 681 2641 5
703 2574 837 2642 Graecis
860 2581 948 2642 certo
971 2575 1110 2658 quodam
1134 2575 1267 2642 consilio
1290 2574 1479 2659 plerumque

312 2676 418 2745 515515
451 2696 523 2743 5555
551 2685 661 2745 notum
695 2685 792 2764 atque
824 2685 1074 2745 consentaneum
1105 2684 1163 2745 est.
1209 2677 1282 2755 Qua
1309 2676 1350 2743 de
1380 2696 1481 2743 causa

310 2782 597 2867 operaepretium
627 2783 704 2847 mihi
730 2782 857 2848 videtur
884 2802 958 2849 esse
988 2783 1170 2848 accuratius
1201 2782 1373 2865 inquirere,
1407 2800 1480 2864 qua

308 2885 465 2950 ratione
502 2886 541 2949 15
577 2887 880 2969 epigrammatis
917 2884 1180 2952 dedicatoriis
1217 2904 1261 2951 ea
1298 2883 1481 2950 adhibita

311 2989 399 3053 sint.
444 2987 557 3053 Inveni
580 2994 688 3054 autem
710 2988 806 3057 baec:

347 3108 375 3172 1.
398 3108 552 3194 1151115515
584 3111 650 3174 iam
683 3109 770 3196 apud
797 3111 973 3176 Homerum
1000 3114 1033 3175 et
1059 3114 1174 3194 poetas
1208 3109 1375 3175 scaenicos
1403 3109 1479 3175 usi·

398 3213 616 3296 latissime,
644 3231 728 3294 qnae
757 3216 826 3280 sine
856 3220 944 3280 certo
972 3212 1112 3298 quodam
1135 3212 1269 3278 consilio
1292 3212 1426 3295 singulis
1447 3214 1481 3277 15

399 3316 644 3398 epigrammatis
666 3318 774 3401 555115
797 3324 880 3383 5551.

344 3432 376 3499 2.
398 3434 553 3520 1151115515
575 3436 880 3504 accommodata:

400 3556 433 3637 5)
456 3554 684 3622 dedicantis
707 3557 898 3623 artificio.

400 3655 435 3743 b)
460 3660 516 3723 rei
540 3658 759 3726 dedicatae.

404 3758 436 3846 c)
459 3762 515 3827 rei
538 3765 699 3847 petitae.

400 3862 435 3951 d)
460 3864 672 3931 dedicandi
695 3886 851 3933 555555.

404 3969 435 4050 5)
458 3968 542 4035 1555
565 3989 639 4053 quo
663 3968 869 4036 donarium
891 3973 1065 4058 ponitur.

380 4090 407 4154 1.
430 4089 619 4174 1151115515
641 4093 922 4158 usitatissima.

379 4209 561 4295 luppiterl)
587 4209 641 4291 (cf.
659 4210 715 4297 2a,
740 4211 811 4294 2d).
858 4212 885 4276 1.
912 4210 1143 4296 1155555515
1167 4209 1266 4297 Ζηνὶ.

348 4326 384 4383 Α.
396 4330 429 4383 Ρ.
439 4330 478 4385 VI
490 4332 524 4388 52
536 4328 745 4398 („Simonidis“)
763 4331 872 4387 Eodem
884 4347 986 4386 versus
999 4331 1064 4386 loco
1075 4330 1165 4387 babes
1177 4332 1296 4387 eandem
1308 4332 1355 4387 dei
1366 4331 1482 4386 invoca·

401 4416 507 4471 tionem
527 4419 624 4475 9250.
661 4416 771 4473 Similes
790 4418 860 4473 loci:
878 4417 963 4485 Orph.
975 4417 1009 4472 Α.
1021 4422 1074 4476 651)
1091 4418 1194 4486 (Abel).
1215 4423 1291 4477 1299.

384 4674 405 4741 ¹)
423 4672 553 4728 Numeris
572 4671 677 4727 additis
696 4672 798 4743 delego
816 4673 854 4728 ad
872 4678 970 4729 cetera
987 4675 1113 4731 eiusdem
1132 4674 1179 4729 dei
1196 4672 1330 4743 epitheta
