3717 5434
151 4756 155 4903 μ

839 566 881 632 45

337 735 382 799 At
408 738 441 800 in
470 734 531 801 bac
557 738 630 821 ipsa
659 736 797 802 formula
827 743 963 803 menum
985 744 1140 821 quantum
1163 739 1302 806 valuerit
1324 742 1443 825 optime

276 840 478 923 perspicitur.
523 840 561 905 In
577 839 723 924 plurimis
738 844 823 905 enim
839 842 1082 926 epigrammatis
1106 843 1218 906 metri
1241 862 1360 907 causa
1381 863 1445 908 vox

276 942 451 1027 ἀνάθημα
480 944 550 1010 loco
578 964 636 1011 suo
659 949 747 1009 mota
770 950 819 1012 est
842 965 920 1011 voce
943 943 987 1009 ad
1009 944 1232 1011 hexametrum
1258 948 1444 1031 aptissima:

171 1068 176 1081 ·
275 1043 432 1127 ἄνθεμα,
463 1065 545 1129 quae
568 1068 633 1113 non
660 1048 725 1112 nisi
752 1046 838 1131 apud
864 1053 981 1133 poetas
1002 1051 1124 1114 usitata
1147 1056 1205 1115 est.
1251 1049 1323 1128 Qua
1349 1051 1383 1115 in
1410 1069 1445 1114 re

275 1147 512 1215 consideranda
533 1148 808 1236 praemonendum
831 1150 969 1244 videtur,
993 1153 1092 1217 etiam
1112 1153 1145 1216 in
1159 1151 1222 1218 hac
1237 1156 1326 1219 voois
1342 1153 1446 1220 forma

276 1250 463 1318 adhibenda
486 1254 656 1320 nonnullas
677 1254 806 1336 regulas
822 1253 864 1318 ad
880 1255 972 1320 verbi
988 1255 1232 1321 collocationem
1247 1259 1446 1341 pertinentes

276 1355 467 1423 observatas
500 1377 581 1424 esse.
637 1356 794 1422 Videmus
827 1359 913 1423 onim
946 1357 1034 1423 illam
1067 1356 1144 1424 doni
1177 1359 1445 1442 significationem

277 1462 404 1525 certis
427 1461 661 1543 quibusdam
684 1482 820 1527 versus
843 1462 942 1528 locis
964 1464 1113 1546 positam.

340 1580 437 1646 Velut
459 1584 497 1646 in
520 1582 747 1649 hexametro
769 1586 946 1648 ineunte:

309 1681 343 1736 A.
356 1684 388 1736 Ρ.
400 1684 440 1738 Vl
460 1688 508 1741 162
525 1683 681 1767 (Meleagri)
694 1679 813 1754 ’Ἀνθεμᾶ
832 1700 876 1738 σοι
893 1684 1073 1752 Μελέαγρος.
1088 1725 1094 1737 .
1109 1725 1114 1737 .
1128 1683 1206 1739 θέτο.

339 1789 440 1855 Ante
462 1791 635 1855 ultimam
657 1790 874 1856 hexametri
897 1810 1047 1857 vocem:

310 1888 344 1943 A.
357 1890 388 1944 P.
401 1890 440 1945 Vl
457 1894 508 1949 208
526 1891 680 1960 (Antipatri
698 1890 972 1960 Thessalonicensis)
999 1893 1047 1961 τῆς
1069 1892 1186 1961 Παφίης
1211 1888 1226 1945 ὁ
1250 1890 1322 1955 νεᾶς
1343 1893 1391 1947 καί
1413 1912 1445 1948 το

362 1976 473 2048 βρέτας·
492 1970 603 2047 ἄνθεμα
620 1979 645 2031 θ’
657 1973 749 2033 αὐτῶν
767 1972 857 2045 ξυνόν.

342 2083 481 2167 Saepius
514 2086 553 2149 iu
586 2086 719 2169 priore
753 2087 993 2169 pentametri
1026 2092 1141 2170 parte
1164 2087 1327 2151 ineunte
1362 2087 1445 2153 hanc

280 2186 414 2253 formam
437 2189 633 2254 invenimus:

311 2291 418 2361 Loewy
436 2294 488 2349 278
512 2291 599 2358 (saec.
612 2290 687 2344 ll-—l
700 2292 735 2357 a.)
759 2283 908 2360 ἄν[θ]εμ[α
932 2285 1098 2360 Σι]μ[ἄλε]ω
1122 2290 1185 2359 δέξο
1209 2290 1257 2346 ναί
1277 2287 1448 2360 Εᾶιιρατίᾶα.

362 2377 396 2432 A.
414 2377 444 2431 P.
461 2376 498 2433 Vl
519 2380 569 2435 275
594 2376 714 2445 (Nossis)
742 2368 853 2446 ἄνθεμα
877 2372 1054 2445 κεκρύφαλον
1075 2374 1155 2432 τόνθε
1179 2381 1275 2447 λαβεῖν
1298 2373 1445 2445 Σαμᾶθας.

362 2465 466 2522 V1128
485 2464 667 2533 (Mnasaloae)
680 2454 747 2517 Ἢσο
767 2502 817 2518 ...
835 2456 946 2532 ἄνθεμα
964 2458 1064 2537 Δατᾶρι
1082 2459 1164 2533 δήϊον
1177 2460 1320 2535 Ἀρτίμιᾶι.
1356 2465 1395 2520 VI
1413 2470 1447 2524 68

362 2551 480 2619 (Juliani
499 2551 643 2622 Aegyptii)
668 2542 778 2620 ἄνθεμοί
802 2566 846 2604 σοι
868 2545 993 2619 τροχὸεις
1016 2540 1098 2615 οὗτος
1117 2547 1180 2620 ἐμὸς
1198 2546 1317 2621 μόλιβος.
1354 2553 1446 2610 V148

366 2638 476 2706 (incerti
495 2638 631 2705 auctoris)
650 2636 777 2691 ...θέτο
796 2632 882 2691 Breuci
902 2629 1022 2708 ἄνθεμα,
1040 2639 1153 2708 λιμηρῆς
1171 2631 1293 2708 ἄρμενον
1311 2635 1447 2707 ἐργασίης.

341 2744 384 2809 In
415 2743 545 2811 altera
571 2746 810 2829 pentametri
837 2750 953 2828 parte
979 2745 1139 2810 ineunte
1168 2742 1261 2809 vides
1291 2743 1445 2810 formam:

311 2845 344 2900 A.
358 2846 389 2899 P.
401 2846 441 2900 Vl
459 2850 510 2904 245
529 2845 670 2914 (Diodori)
688 2845 818 2915 δέσποτα,
837 2847 973 2914 χειμερίης
992 2840 1102 2916 ἄνθεμα
1119 2847 1265 2925 ναυτιλίης.

341 2952 499 3017 Versuum
528 2958 634 3018 autem
659 2951 756 3036 looos,
785 2951 900 3034 quibus
921 2950 998 3019 hoc:
1027 2950 1172 3036 ἄνθεμα
1195 2956 1314 3036 exstat,
1342 2953 1370 3018 si
1392 2972 1445 3019 ao-

279 3056 420 3121 ouratius
443 3053 765 3141 consideraverimus,
793 3055 890 3122 facile
919 3055 1144 3139 intellegemus
1172 3055 1305 3122 eosdem
1328 3055 1446 3139 quibus

278 3160 375 3223 ctiam
391 3159 480 3225 illam
497 3157 632 3223 (ormam
648 3160 809 3242 poeticam
825 3158 977 3232 ἄνθετο,
1002 3157 1042 3223 de
1058 3179 1123 3243 qua
1138 3178 1237 3244 supra
1252 3161 1316 3223 iam
1333 3156 1401 3223 dixi
1409 3158 1445 3243 1),

280 3262 418 3345 positam
442 3261 589 3327 vidimus.
636 3261 800 3339 Quando
824 3260 963 3345 denique
985 3261 1043 3328 illa
1065 3282 1125 3327 vox
1150 3263 1279 3346 poetica
1302 3261 1445 3342 ἄνθεμα

279 3367 309 3428 1ο
333 3370 502 3449 poetarum
524 3384 616 3430 usum
639 3367 774 3447 venerit,
803 3366 829 3431 si
853 3367 1048 3448 quaerimus,
1077 3370 1212 3431 aetate
1239 3369 1445 3449 poetarum

279 3466 630 3534 Alexandrinorum
664 3488 736 3534 eam
772 3472 937 3552 primum
972 3467 1119 3533 adhiberi
1148 3466 1305 3533 videmus.
1355 3467 1446 3532 Haec

281 3573 362 3635 enim
386 3576 460 3637 sunt
483 3571 633 3656 exempla
655 3563 947 3653 antiquissima:

313 3688 434 3745 Theoor.
447 3690 543 3760 Epigr.
559 3694 599 3747 13.
612 3694 627 3747 2
640 3688 807 3756 (Fritzsohe)
827 3685 936 3745 ίλᾶοιιεο
952 3685 1003 3757 τὴν
1013 3686 1085 3743 θεὸν
1097 3686 1183 3744 clusio
1194 3685 1337 3757 οὐρανίην,
1349 3685 1447 3759 Ἀμνής

365 3770 476 3846 ἄνθεμα
498 3778 685 3845 Χροσομονης.
733 3776 839 3830 Gallim.
857 3776 909 3845 Ep.
928 3779 987 3834 5.2
1011 3776 1144 3843 (Wilam.)
1173 3770 1241 3830 ἀλλὰ
1268 3770 1301 3829 σὺ
1327 3777 1379 3830 νῦν
1404 3792 1446 3843 με,

365 3857 466 3931 Κᾶνιρι,
485 3864 641 3931 Σεληναίης
659 3856 769 3931 ἄνθεμα
788 3864 900 3928 πρῶτον
911 3862 987 3931 ίχεις.
1018 3864 1064 3916 Pr.
1080 3867 1128 3920 112
1141 3860 1360 3929 (Eratosthenis)
1375 3858 1447 3929 λέγοι

365 3948 395 4004 δέ
412 3969 453 4012 τις
471 3942 581 4018 ἄνθεμα
600 3944 720 4003 λεύσσων
737 3949 787 4003 τοῦ
805 3950 969 4019 Κυρηναίου
986 3950 1060 4003 τοῦτ’
1074 3944 1299 4016 Ἑρανοσθένεος.

342 4054 372 4119 3.
397 4054 600 4137 Quamquam
617 4054 658 4119 ab
676 4055 908 4137 antiquissimis
924 4054 1123 4140 temporibus
1138 4073 1239 4137 usque
1256 4051 1298 4117 ad
1315 4053 1446 4119 saecula

280 4177 308 4240 p.
332 4157 406 4223 Ohr.
430 4180 460 4223 n.
494 4157 556 4223 hae
590 4177 701 4224 voces:
736 4157 911 4241 ἀνάθημα
946 4156 1163 4221 ἀνατιθέναι
1197 4163 1371 4242 usurpatae
1400 4158 1445 4219 vi-

281 4259 403 4347 dentur,
430 4268 539 4327 tamen
568 4260 683 4326 iisdem
711 4262 776 4325 iam
802 4260 1011 4345 temporibus,
1039 4264 1075 4325 ut
1098 4266 1129 4324 et
1152 4259 1359 4325 consilium
1383 4257 1445 4323 dc-

281 4363 438 4430 dioandi
467 4370 500 4429 et
527 4363 618 4429 doni
647 4365 814 4449 pretium
843 4366 1025 4429 accuratius
1048 4362 1255 4446 indicaretur,
1283 4361 1367 4427 aliae
1391 4359 1444 4426 do·

281 4468 359 4531 narii
389 4466 642 4551 significationes
669 4470 836 4549 quaesitae
865 4473 949 4531 sunt.
1000 4466 1070 4545 Quo
1095 4465 1217 4530 factum
1244 4470 1303 4546 est,
1337 4469 1371 4527 ut
1399 4461 1445 4527 di-

347 4672 536 4740 ompm
