3717 5434
845 562 887 627 43

345 732 437 799 Haeo
474 740 640 817 poetarum
675 731 873 799 consuetudo
907 738 1017 799 aetate
1049 733 1340 802 Alexandrinorum
1378 741 1451 801 orte

283 855 373 900 suum
396 834 496 901 habet
518 836 632 902 locum.
680 838 774 921 Nam,
798 838 825 901 si
842 835 1019 921 compluria
1035 835 1171 905 donaria
1191 841 1450 926 praemittuntur,

282 944 535 1006 consentaneum
563 941 641 1006 mihi
670 939 801 1025 quidem
828 937 967 1022 videtur,
1002 958 1042 1004 ea
1069 959 1153 1023 quae
1182 940 1378 1007 antecedunt
1407 941 1450 1007 ad

282 1044 460 1127 simplicem
494 1042 708 1112 dedicationis
748 1043 884 1109 formam
925 1041 1171 1127 concipiendam
1211 1044 1450 1129 comprehendi.

282 1145 496 1213 Nihilominus
523 1148 613 1213 illum
640 1168 733 1215 nsum
761 1167 802 1211 ex
829 1144 1071 1231 precationibus
1098 1148 1249 1231 antiquis,
1279 1148 1450 1230 inquibus

281 1268 342 1334 res,
377 1267 461 1331 quae
490 1256 652 1337 petuntur,
686 1251 801 1318 vocula
830 1252 944 1311 ταῦτα
975 1244 1112 1314 eundem
1141 1250 1174 1314 in
1201 1249 1331 1317 modum
1366 1270 1450 1317 oom-

281 1352 438 1437 prehendi
472 1354 577 1420 solent
585 1354 621 1440 1),
655 1356 697 1422 ab
733 1352 1001 1438 epigrammatum
1036 1355 1141 1436 poetis
1176 1361 1342 1439 receptum
1376 1374 1450 1421 esse

281 1456 412 1521 minime
433 1476 561 1541 negem,
590 1460 780 1543 praesertim
809 1476 880 1522 eum
908 1456 1025 1522 vocula
1053 1459 1166 1519 ταῦτα
1195 1477 1292 1541 quam
1321 1456 1354 1523 in
1383 1460 1449 1543 epi-

280 1559 471 1642 grammatis
498 1563 601 1645 primo
629 1582 741 1629 versus
770 1560 822 1626 vel
850 1560 1009 1626 enuntiati
1039 1559 1109 1625 loco
1136 1562 1276 1645 positam
1303 1560 1450 1627 videmus

281 1664 380 1728 etiam
414 1665 447 1729 in
480 1664 719 1749 precationibus
747 1666 888 1747 antiquis
915 1669 993 1745 quot
1022 1662 1151 1747 quidem
1185 1664 1312 1749 inspexi
1345 1667 1450 1749 primo

282 1786 397 1833 versus
420 1767 491 1833 loco
514 1773 630 1835 exstet.

315 1868 358 1923 ul.
378 1867 593 1938 Sophanem
615 1871 732 1939 sadra,
752 1860 773 1923 ὦ
793 1866 884 1923 Λύκει’
898 1861 1043 1938 Ἄπολλον,
1067 1869 1145 1932 iicon
1163 1864 1253 1924 nidmu
1271 1866 1327 1933 δός.
1361 1869 1449 1927 Arist.

367 1971 429 2023 pac.
453 1961 516 2014 1016
535 1958 634 2026 ταῦτ’,
653 1947 674 2011 ὦ
694 1956 861 2025 πολυτίμητ’,
880 1950 1037 2025 εὐχομένοις
1055 1950 1124 2026 ἡμῖν
1142 1957 1230 2010 didos.

342 2042 441 2109 Aliud
464 2044 620 2128 estquod
649 2046 726 2111 mihi
751 2044 880 2133 quidem
903 2044 1078 2110 verisimile
1101 2043 1236 2110 videtur.
1282 2045 1446 2111 Interdum

279 2134 366 2212 enim
389 2146 434 2232 dt,
458 2151 546 2213 utin
570 2155 716 2215 extrema
738 2150 926 2234 precatione
955 2148 1072 2213 iterum
1095 2154 1130 2212 ut
1153 2146 1265 2213 audiat
1287 2168 1337 2232 ea,
1366 2168 1449 2232 quae

279 2252 383 2335 petita
406 2257 489 2335 sunt,
514 2252 652 2337 aliquem
676 2254 710 2317 in
733 2250 863 2318 modum
887 2257 996 2316 oretur
1019 2249 1144 2336 deus2),
1175 2271 1240 2334 qua
1263 2250 1392 2335 quidem
1415 2272 1449 2317 re

280 2356 477 2437 precationis
488 2363 587 2441 caput
599 2358 763 2441 repetitur.
799 2354 889 2420 Idem
903 2360 1010 2419 autem
1026 2361 1141 2439 poetas
1156 2354 1449 2441 epigrammaticos‚

281 2456 417 2522 utillud
440 2457 597 2545 facerent,
621 2479 694 2524 mea
710 2456 839 2541 quidem
863 2460 1220 2524 sententiaeommovit.
1258 2459 1342 2525 Nam
1365 2479 1449 2525 oom-

280 2558 385 2643 pluria
414 2558 549 2627 donaria
577 2568 674 2627 antea
702 2567 939 2645 enumerantes,
968 2566 1034 2627 tum
1062 2581 1127 2627 una
1154 2562 1268 2627 vocula
1296 2582 1337 2627 ea
1364 2582 1449 2627 oom-

280 2662 518 2747 prehendentes
541 2667 650 2748 itaque
674 2665 888 2732 dedicationis
912 2666 1014 2750 ipsius
1037 2664 1207 2730 formulam
1231 2664 1449 2749 exprimentes

279 2773 397 2850 poetae
426 2764 648 2835 sollertissime
676 2789 790 2835 sensus
818 2787 953 2835 acumen
983 2770 1016 2832 in
1043 2772 1188 2834 extremo
1215 2769 1449 2853 epigrammate

280 2867 480 2935 dedicatorio
504 2872 652 2937 efferunt.
824 2958 892 3045 μ

345 3068 436 3133 Haeo
466 3076 539 3134 sunt
567 3089 650 3153 quae
678 3069 718 3135 de
746 3070 803 3135 illa
825 3069 1023 3135 Graecorum
1045 3077 1079 3136 et
1100 3072 1317 3136 Romanorum
1341 3070 1450 3135 -forma

280 3168 456 3236 dedicandi
488 3172 660 3240 habuimus
693 3172 892 3240 disserenda.
944 3175 1014 3238 Iam
1047 3173 1108 3238 hac
1142 3172 1350 3257 paragrapho
1384 3172 1448 3238 dis-

280 3280 450 3357 putaturus
472 3295 543 3340 sum
566 3280 607 3343 de
631 3280 763 3343 donarii
786 3280 890 3359 ipsius
910 3280 1209 3359 significationibus
1233 3280 1369 3358 eiusque
1390 3281 1447 3342 ds·

281 3381 529 3461 scriptionibus.
643 3426 645 3431 -

343 3482 381 3546 A.
411 3482 576 3548 Donarii
603 3482 929 3566 significationes
958 3483 1049 3549 inde
1077 3485 1124 3549 ab
1154 3485 1448 3567 antiquissimis

281 3586 531 3669 temporibus
563 3587 734 3652 usitatae
762 3592 800 3651 et
833 3587 880 3651 ab
912 3589 1002 3652 aevi
1028 3586 1289 3652 Alexandrini
1318 3589 1448 3671 poetis

281 3693 483 3772 receptae:

316 3792 343 3857 l.
366 3792 475 3875 δῶρον.
524 3860 526 3863 ,

313 3892 343 3957 2.
366 3894 522 3978 ἀνάθημα.

311 3996 341 4061 3.
365 3994 499 4079 ἄγαλμα.

313 4101 342 4163 4.
366 4098 500 4184 ἄθυρμα.

313 4204 342 4268 5.
366 4207 479 4287 crire

312 4305 341 4369 6.
366 4306 550 4389 ἀκροθίνιον.

312 4410 341 4475 7.
365 4410 501 4494 ἀπαρχή.

348 4579 368 4643 ¹)
388 4576 430 4633 cl.
450 4578 569 4635 Ausl'eld
588 4581 604 4635 l.
624 4597 647 4635 c.
666 4599 692 4652 p.
713 4586 771 4639 537.

350 4664 371 4729 'l
392 4665 503 4736 Ziegler
521 4667 537 4720 l.
557 4684 581 4721 c.
599 4684 626 4736 p.
644 4672 686 4727 65.
