3717 5434
861 577 881 641 7

285 752 322 815 δὲ
353 756 439 833 νικῇς
451 750 491 834 1);
527 753 560 815 et
588 750 626 813 A.
648 749 684 813 Ρ.
706 746 789 812 XIII
813 746 868 811 ll:
901 749 935 831 α)
964 742 1017 817 Τίς
1045 744 1147 810 εἰκόνα
1179 747 1261 810 τάνδ’
1288 745 1455 830 ἀνέθηκσν;

286 854 319 939 β)
343 849 478 936 Δωριιὶις
503 851 519 914 ὁ
543 848 673 934 Θούριος
697 847 872 915 Simonidis
898 870 1016 916 nomen
1042 848 1189 916 videmus
1211 850 1455 935 praescriptum.

286 956 356 1023 Sed
390 953 589 1022 Simonidem
626 953 740 1021 horum
778 955 1047 1037 epigrammatum
1080 958 1245 1019 auctorem
1279 971 1352 1017 esse
1385 954 1457 1035 qula

286 1057 423 1127 credat?
459 1058 543 1125 Nam
561 1062 670 1124 aetate
684 1056 976 1123 Alexandrinorum
1000 1058 1190 1141 saepissime
1214 1056 1457 1141 epigrammatis

285 1163 537 1230 clarissimorum
566 1166 733 1227 auctorum
761 1160 848 1226 velut
871 1157 1047 1239 Simonidis
1070 1158 1221 1245 Sapphus
1243 1159 1458 1225 Anacreontis

284 1266 364 1333 ficta
374 1266 506 1332 nomina
516 1266 673 1350 inscripta
684 1283 757 1331 esse
770 1267 897 1330 constat
906 1266 942 1348 ²),
954 1269 989 1328 nt
998 1283 1038 1329 ea
1048 1264 1149 1348 pluris
1166 1263 1414 1329 aestimarentur
1421 1264 1455 1344 8).

285 1372 394 1454 Atque
426 1371 663 1454 epigrammata
696 1387 761 1433 non
794 1367 971 1434 Simonidis
1003 1386 1076 1433 esse
1109 1386 1148 1432 eo
1175 1365 1211 1431 fit
1244 1365 1455 1451 probabilius,

286 1473 375 1559 quod
408 1478 477 1539 tota
511 1474 781 1557 epigrammatum
809 1471 1022 1537 conformatio
1056 1469 1186 1536 diversa
1219 1476 1269 1535 est
1301 1471 1343 1536 ab
1375 1471 1457 1535 anti-

289 1597 426 1662 quorum
455 1572 768 1661 epigrammatum),
802 1593 885 1658 quae
907 1575 1029 1640 utiam
1052 1573 1120 1639 dixi
1142 1594 1206 1640 non
1228 1574 1290 1639 nisi
1317 1574 1457 1657 aliquem

285 1679 411 1764 aliquid
434 1678 605 1746 dedicasse
627 1677 781 1763 dicunt5).

360 1819 380 1886 1)
399 1817 497 1873 Liceat
519 1816 586 1871 mihi
609 1815 793 1885 comparandi
815 1831 903 1871 causa
927 1816 1029 1872 afferre
1054 1815 1184 1870 carminis
1202 1815 1278 1885 quod
1295 1814 1459 1869 inscribitur

287 1904 611 1976 Batrachomyomaohia
629 1918 744 1959 vorsum
765 1906 796 1960 13
815 1901 906 1972 arros,
923 1903 965 1966 τίς
986 1899 1023 1968 εἷς
1042 1898 1135 1958 πόθεν
1150 1892 1235 1975 ,ἦλθες
1253 1898 1296 1956 ἐπ’
1314 1895 1398 1974 ᾗονας
1417 1903 1458 1966 τίς

286 1992 317 2047 δέ
335 1987 377 2046 σ’ς’)
396 1986 501 2061 paidom

356 2081 379 2148 ¹)
398 2077 441 2135 Gt.
458 2078 570 2147 Kaibsl‚
587 2078 658 2133 ltus.
675 2076 765 2133 Rhen.
784 2076 907 2133 XXVIII
926 2075 1018 2145 (1873)
1036 2093 1064 2145 p.
1075 2081 1128 2135 436
1140 2093 1181 2147 aq.

354 2168 379 2234 ⁸)
398 2165 442 2222 Gt.
460 2182 488 2220 v.
507 2164 915 2233 Wilamowitu-lloellendorff‚
933 2163 1052 2219 Hermes
1071 2163 1127 2219 XX
1144 2166 1235 2233 (1885)
1253 2181 1281 2234 p.
1295 2168 1335 2222 65.

354 2253 377 2318 ⁴)
397 2252 440 2308 Ol.
458 2269 486 2307 v.
504 2252 704 2321 Wilamowita‚
731 2251 833 2307 Naohr.
853 2251 919 2307 Ges.
938 2251 1023 2307 Wias.
1048 2250 1212 2323 Gottingen,
1234 2250 1305 2308 Phil.
1328 2250 1393 2307 hist.
1411 2252 1457 2307 Kl.

287 2342 379 2409 (1897)
397 2356 426 2409 p.
438 2343 498 2399 351.

355 2427 379 2495 ⁸)
405 2424 542 2495 Spectosa
574 2426 713 2496 quaedam
745 2425 911 2481 imitationis
942 2425 1071 2493 exempla
1101 2425 1241 2493 praebent
1265 2424 1457 2496 Anthologiae

286 2512 451 2569 Planudeae
474 2513 679 2583 epigrammata
696 2513 735 2567 Ill
752 2517 785 2571 53
809 2516 838 2567 et
855 2512 894 2569 IV
912 2515 954 2570 55.
990 2511 1146 2567 Videamus
1169 2512 1256 2581 igitur
1272 2510 1364 2567 verba
1380 2512 1456 2582 ipsa:

285 2600 321 2655 A.
338 2599 418 2655 Plan.
434 2599 473 2654 III
490 2602 524 2656 53
542 2597 752 2669 („Simonidis“)
770 2593 868 2668 Εἰπόν,
885 2599 936 2667 τίς,
952 2599 1028 2662 σίνος
1045 2594 1112 2667 ἐσσί,
1130 2598 1204 2661 τίνος
1220 2598 1364 2666 πατρίδος,
1381 2598 1408 2652 τί
1426 2597 1457 2653 δὲ

287 2689 377 2757 νινῇςς
401 2680 554 2756 Κασμιὸλος,
577 2681 733 2757 Εὗαγὸςοο,
758 2681 856 2742 Πύθια
873 2680 937 2755 πύξ,
950 2681 1063 2750 Ῥόδιος.
1097 2686 1132 2740 Α.
1149 2685 1228 2740 Plan.
1246 2684 1285 2741 IV
1304 2688 1338 2744 55
1356 2685 1457 2753 (Troili

287 2772 496 2843 Grammatioi):

321 2862 350 2929 α)
369 2855 471 2930 Elauia,
488 2863 529 2925 τίς
547 2856 704 2929 σ’ἇνέθηιιε,
721 2862 795 2925 τίνος
813 2856 901 2930 χάριν,
919 2854 937 2930 ἦ
955 2862 1018 2929 τίνι,
1037 2858 1123 2927 λέξον.

321 2948 350 3017 β)
369 2940 431 3000 dni
448 2942 671 3018 παλαισμοσύνης
688 2950 759 3017 θῆκε
778 2943 887 3016 [lipom
904 2941 990 3007 πόλις.

355 3034 475 3089 Praeter
493 3034 612 3089 eandem
630 3034 864 3105 epigrammatum
877 3034 998 3089 lormam
1009 3031 1173 3102 (distichon)
1185 3032 1359 3102 pronominis
1371 3032 1456 3089 inter·

286 3120 412 3190 rogativi
430 3119 537 3176 formas
554 3121 594 3184 τίς
613 3125 642 3177 et
658 3124 733 3185 τίνος
750 3121 849 3177 iisdem
868 3121 1014 3191 utriusque
1033 3120 1246 3190 epigrammatis
1264 3120 1335 3175 locis
1347 3121 1456 3192 positas

285 3207 426 3262 videmus.
466 3207 519 3263 Illa
541 3208 646 3278 torma,
673 3224 729 3278 qua
752 3209 848 3264 viator
869 3208 931 3278 ipse
958 3212 1167 3263 monumentum
1194 3207 1366 3276 interrogat,
1394 3208 1456 3277 quis

287 3293 447 3363 donaverit,
465 3299 495 3349 et
506 3300 599 3365 rogat,
617 3300 648 3350 ut
660 3311 763 3351 nomen
776 3295 830 3350 sihi
844 3295 930 3364 dicat,
942 3310 1074 3365 magnam
1087 3294 1232 3363 utriusque
1244 3293 1457 3363 epigrammatis

286 3380 608 3439 similitudinemetlicit.
637 3382 759 3437 Accedit
776 3382 853 3451 quod
870 3381 953 3437 verbi
969 3381 1090 3436 termae:
1110 3380 1188 3447 λέξον
1200 3382 1255 3449 (55)
1269 3385 1298 3436 et
1309 3375 1388 3436 stads
1400 3382 1456 3449 (53)

285 3467 359 3523 inter
377 3483 409 3523 se
427 3467 601 3536 respondent
618 3469 659 3523 ita
677 3473 709 3523 ut
726 3469 754 3523 in
774 3468 978 3538 epigrammate
990 3472 1024 3528 55
1042 3483 1105 3523 eam
1121 3468 1249 3539 legamus
1261 3468 1289 3522 in
1301 3466 1457 3523 hexametri

285 3554 371 3623 exitu,
388 3554 418 3609 in
431 3557 464 3612 53
482 3558 577 3609 autem
594 3556 623 3610 in
640 3554 805 3611 hexametro
822 3554 946 3611 ineunte.
976 3555 1071 3611 Etiam
1085 3555 1231 3624 utriusque
1244 3556 1456 3625 epigrammatis

283 3642 394 3697 initium
414 3641 582 3697 simillimum
604 3646 660 3699 est:
684 3645 739 3711 (55)
758 3640 840 3697 stada
862 3643 917 3711 (53)
941 3637 1028 3696 εἰπόν.
1071 3641 1258 3707 Quaestionea
1285 3641 1405 3711 denique
1427 3642 1455 3697 in

284 3727 450 3783 hexametro
468 3728 564 3784 tactae
581 3728 610 3783 in
627 3730 773 3799 utriusque
792 3728 1004 3799 epigrammatis
1021 3732 1200 3797 pentametro
1219 3728 1377 3785 solvuntur.

355 3815 511 3871 Praeterea
529 3814 655 3870 eiusdem
672 3815 863 3886 Anthologiae
881 3813 1045 3870 Planndeae
1063 3816 1269 3885 epigrammata
1287 3818 1338 3873 567
1357 3820 1386 3870 et
1404 3819 1456 3875 575

283 3900 373 3971 digna
395 3905 462 3955 sunt
484 3917 556 3971 quae
579 3918 782 3972 comparemus.
822 3902 885 3957 hlea
908 3901 1021 3972 quidem
1045 3902 1187 3957 sententia
1208 3901 1344 3973 Synesiua
1367 3900 1455 3957 Scho-

282 3987 402 4042 lasticus
421 3986 469 4057 qui
487 3988 699 4058 epigrammatis
717 3993 768 4046 567
788 3993 889 4044 auctor
907 3993 953 4044 est
964 3988 1112 4059 Posidippi
1130 3989 1305 4059 epigramma
1317 3992 1368 4047 575
1386 3988 1455 4058 lepi-

283 4073 401 4129 dissime
418 4074 551 4144 respexit
587 4076 674 4131 Primi
696 4076 769 4131 enim
793 4075 850 4132 duo
874 4076 1021 4146 utriusque
1046 4076 1257 4146 epigrammatis
1277 4091 1380 4130 versus
1398 4092 1455 4132 uon

282 4161 377 4217 solum
401 4160 521 4216 eundem
544 4178 666 4233 sensum,
690 4162 741 4219 sed
764 4163 849 4218 etiam
872 4162 972 4218 eadem
997 4162 1151 4217 ostendunt
1168 4161 1267 4231 verba,
1291 4178 1408 4231 quorum
1426 4167 1456 4218 et

284 4247 440 4304 collocatio
458 4252 486 4304 et
505 4247 638 4305 formatio
657 4250 694 4305 ad
713 4249 839 4321 syllabas
857 4249 917 4305 tere
936 4249 1036 4305 eadem
1054 4253 1107 4304 est.

319 4334 472 4390 Examines
490 4335 589 4391 velim:
612 4337 647 4392 A.
660 4336 739 4391 Plan.
754 4337 793 4393 IV
808 4341 858 4394 567
877 4339 907 4404 α)
920 4331 1067 4391 Ὁποόθεν
1084 4331 1100 4389 ὁ
1120 4330 1234 4405 σνὴσαςς
1253 4338 1281 4407 β)
1298 4332 1455 4409 Βυζάντιος.

373 4423 402 4490 α)
421 4414 530 4491 οὕνομα
547 4419 581 4493 δὴ
601 4423 654 4487 ιίςς
672 4426 700 4495 β)
718 4418 859 4494 Εὐσέβιος.
890 4424 919 4491 α)
939 4417 972 4476 σὺ
985 4420 1024 4490 di,
1041 4422 1098 4487 τίς)
1115 4424 1144 4492 β)
1162 4416 1256 4485 Κῶϊος
1263 4417 1454 4491 Ἱπποκράτης.

319 4507 354 4563 A.
366 4507 447 4563 Plan.
459 4508 498 4565 IV
511 4511 563 4567 575
582 4510 610 4577 α)
632 4510 689 4579 Τίς,
706 4503 799 4564 adora
817 4506 832 4564 ὁ
852 4503 987 4578 uideram
1005 4508 1034 4578 β)
1046 4503 1212 4573 Σικυώνιος.
1248 4522 1277 4576 α)
1294 4501 1402 4577 οὔνομα
1420 4504 1454 4576 δὴ

371 4594 425 4659 aim
444 4596 474 4665 β)
490 4590 640 4659 Λύσιππος.
677 4598 706 4665 α)
726 4592 758 4651 σὺ
777 4595 816 4666 δέ,
834 4597 888 4661 alm
907 4598 936 4668 β)
954 4591 1059 4663 Karpia
1077 4591 1092 4651 d
1112 4590 1310 4665 πανδαμάτωρ.

354 4679 504 4737 Accedunt
526 4682 708 4753 quaestiones
732 4682 850 4739 eundem
874 4683 901 4739 in
925 4682 1039 4738 modum
1064 4687 1233 4753 conceptae:
1256 4686 1315 4751 567,
1338 4696 1413 4736 vers.
1437 4686 1454 4740 3
