3717 5434
903 572 1105 672 —26-

508 740 624 813 [cJaldrc'c
655 762 700 797 τιω
728 743 838 797 Λυκίων
869 736 968 811 στήλην
998 736 1133 812 το(ι)οἱνδο
1162 738 1332 813 ἀνέθηκίῴ.
1378 745 1425 799 Pr.
1451 748 1485 803 61
1515 746 1594 813 (ante

506 833 674 897 Varronem)
700 826 766 893 mla
787 823 907 884 Διννότα
929 827 1079 899 Δάμαρχος
1099 826 1177 886 τάνδ’
1199 824 1339 899 αἰνίθηαετ
1362 825 1445 887 εἰκόν’
1464 870 1514 900 .,.
1551 831 1593 889 Gi.

507 918 592 973 etiam
610 916 645 971 Α.
657 918 688 973 Ρ.
701 918 740 973 VI
752 920 794 975 56.
807 920 866 973 tle.
902 915 998 972 Simile
1017 916 1176 987 exemplum
1193 916 1297 972 babes:
1320 918 1368 973 Pr.
1380 920 1414 977 73
1432 920 1520 988 (saec.
1533 920 1594 989 Va)

506 999 662 1073 Ἅρξάμτνοι
679 1004 785 1072 πρῶτοι
802 1004 925 1075 τειχίζειν
943 1004 996 1057 oid’
1014 998 1165 1073 αἰνίθηκαν.

486 1092 651 1175 Originem
674 1092 760 1160 unde
782 1090 864 1158 baec
887 1091 1104 1159 dedicationis
1131 1092 1343 1160 conformatio
1372 1092 1503 1159 duxerit
1529 1116 1594 1163 non

420 1197 590 1263 obscurum
613 1197 672 1262 tibi
694 1195 865 1281 videbitur,
889 1196 916 1261 si
931 1196 1103 1262 nonnullas
1125 1195 1284 1263 artideum
1307 1196 1537 1282 inscriptiones
1560 1201 1593 1263 iu

421 1302 655 1384 antiquissimis
682 1302 784 1383 signis
815 1300 995 1384 insculptas
1016 1302 1207 1385 inspexeris.
1256 1300 1406 1386 Exempli
1428 1303 1538 1384 gratia
1560 1305 1594 1368 in

420 1406 493 1471 basi
515 1406 610 1471 unius
631 1403 759 1469 illarum
782 1409 962 1469 statuarum
978 1422 1062 1487 quae
1077 1402 1173 1487 vulgo
1188 1402 1303 1469 XXIII
1325 1402 1413 1487 κόραι
1434 1411 1594 1472 vocantur

420 1514 452 1573 et
480 1526 563 1591 quae
591 1506 721 1572 saeculo
755 1525 785 1572 a.
806 1504 879 1571 Obr.
900 1527 931 1570 n.
952 1506 999 1571 VI
1032 1505 1075 1571 ab
1107 1505 1270 1572 Antenore
1303 1506 1428 1572 artifice
1453 1508 1594 1574 Athenis

419 1613 546 1697 positae
569 1615 643 1678 sunl
664 1610 801 1695 legimus
824 1608 921 1676 baec:
941 1606 1095 1693 Ἀντήνωρ
1119 1606 1216 1693 ἔργων
1240 1608 1381 1695 ἀπαρχὴν
1405 1610 1552 1694 ἀνέθηκε.

485 1715 630 1783 Similem
653 1714 869 1781 dedicationis
890 1711 1177 1780 conformationem
1202 1710 1290 1798 apud
1313 1714 1512 1781 Romanos
1536 1716 1593 1783 ad-

420 1819 556 1887 bIbitam
580 1840 663 1903 esse,
685 1819 869 1885 testimonio
892 1822 967 1884 suut
989 1816 1073 1883 baec
1095 1817 1240 1881 carmina
1256 1815 1458 1885 dedicatoria
1473 1819 1593 1887 latina:

455 1921 524 1978 Bch.
536 1926 553 1982 tt
565 1925 650 1991 (saec.
663 1922 722 1988 lla)
740 1920 814 1975 banc
828 1919 926 1974 aedem
936 1959 942 1972 .
953 1958 975 1973 ..
986 1919 1142 1987 imperator
1152 1917 1304 1987 dedicat1).
1338 1918 1452 1978 Bonae
1470 1922 1591 1991 conau[l]

511 2023 663 2065 ...aram
687 2007 801 2063 dicauit.
840 2004 979 2064 Bebase
1000 2005 1177 2073 (saecllll)
1200 2004 1272 2061 urbe
1294 2005 1458 2061 redux...
1478 2006 1594 2064 dedicat

508 2110 595 2150 aram.
629 2094 699 2150 Bch.
711 2098 761 2153 aet
780 2093 859 2149 Felix
877 2092 1038 2163 (latensque
1050 2132 1058 2147 .
1071 2132 1078 2147 .
1092 2092 1185 2147 .hano
1203 2108 1282 2149 aram
1301 2098 1428 2149 statuere
1447 2094 1511 2151 deo.

484 2199 515 2265 2.
541 2200 592 2264 Ex
619 2218 659 2263 ea
686 2216 770 2282 quae
805 2196 970 2264 antecedit
1002 2204 1073 2264 orta
1107 2197 1211 2265 altera
1245 2196 1420 2265 dedicandi
1453 2199 1594 2267 formula

419 2306 467 2368 ita
482 2302 622 2371 formata
638 2308 698 2386 est,
721 2307 756 2367 ut
778 2322 913 2369 nomen
937 2320 1131 2387 personae
1153 2300 1383 2369 dedicantis
1405 2303 1445 2367 in
1468 2307 1592 2388 primo

420 2408 722 2494 epigrammatis
770 2426 889 2472 versu
938 2409 1100 2472 ineunte
1151 2410 1323 2489 ponatur
1372 2411 1411 2471 et
1454 2408 1592 2474 verba:

421 2510 633 2595 μ’ἀνέθηκε
657 2516 879 2594 sequantur.
926 2508 1017 2575 Haeo
1039 2508 1145 2576 babeo
1168 2508 1333 2593 exempla:

454 2613 488 2668 Α.
506 2616 537 2670 Ρ.
555 2614 594 2670 Vl
618 2617 633 2671 6
661 2613 771 2682 (incerti
795 2612 931 2681 auctoris)
958 2634 993 2659 =
1019 2612 1064 2665 Pr.
1084 2616 1117 2669 79
1146 2612 1197 2679 (VI
1217 2610 1278 2666 tere
1297 2612 1394 2679 saec.¹)
1419 2608 1593 2681 Ἀμφιτρύων

506 2702 561 2772 pm)
581 2696 720 2769 ἀνέθηκεν
738 2696 806 2754 licia
825 2694 880 2753 ἀπὸ
896 2694 1072 2770 Τηλεβοάων.
1107 2700 1154 2753 Pr.
1170 2702 1217 2756 125
1230 2700 1316 2766 (saec.
1330 2699 1395 2767 Va.)
1414 2698 1593 2768 Κλεοσθένης

506 2791 533 2857 μ’
541 2785 679 2857 ἀνέθηκεν
697 2784 712 2841 ὁ
726 2782 847 2848 Πόντιος
866 2784 894 2853 ἐξ
907 2780 1086 2855 Ἐπιδάμνου.
1122 2785 1176 2840 Kb.
1190 2788 1240 2843 ’156
1253 2786 1340 2853 (saec.
1352 2785 1421 2855 Va)
1439 2826 1465 2839 ..
1480 2827 1486 2839 .
1499 2782 1593 2855 θοίνης

507 2871 680 2943 μόίνίθηκεν
707 2870 868 2942 Ἅθηναίοιῂ
895 2868 1055 2941 ντοίιοῦχωι.
1106 2872 1161 2926 Κ1).
1180 2875 1231 2929 778
1260 2871 1362 2935 Νικίας
1390 2891 1424 2941 ρο
1452 2868 1594 2941 ἀνέθηκεν

502 2956 656 3028 Ἀπόλλωνι,
674 2956 735 3022 υίός
753 2956 960 3028 Θρασυμήδεος.

484 3050 520 3113 In
550 3048 710 3113 nonnullis
739 3048 982 3131 epigrammatis
1009 3049 1125 3113 metri
1153 3066 1271 3113 causa
1303 3048 1386 3112 haec
1414 3046 1591 3113 dedicandi

421 3151 559 3218 formula
579 3150 656 3216 mihi
673 3150 803 3235 quidem
819 3151 923 3216 electa
938 3150 1065 3216 videtur
1082 3171 1120 3216 eo
1135 3150 1269 3217 consilio
1284 3156 1319 3217 ut
1339 3149 1467 3234 syllaba
1482 3150 1592 3217 brevis

420 3253 650 3340 produceretur
673 3255 725 3319 vel
748 3254 856 3320 hiatus
879 3256 1064 3319 evitaretur.

456 3358 558 3412 Hoffm.
573 3359 623 3415 253
637 3358 722 3423 (saec.
732 3357 806 3425 vla)
820 3350 1006 3427 [ΚίεῙὸδωρός
1017 3353 1167 3425 ρ’ἇνίθηκ’
1180 3352 1336 3425 'reposita
1349 3356 1442 3422 δῶρον
1454 3349 1592 3424 ἀπαρχήν.

505 3443 612 3497 Ibidem
636 3447 685 3501 251
714 3446 801 3505 (saec.
824 3444 884 3511 Va)
919 3440 1059 3512 Τίμαρχός
1089 3446 1117 3514 ρ’
1125 3440 1245 3512 ἀνέθηκε
1271 3438 1338 3505 Διὸς
1369 3437 1591 3511 κρατερόφρ[ονι

385 3526 392 3538 ’
419 3542 422 3549 ¹
505 3524 625 3597 κούρηι].
662 3529 769 3584 Ibidem
788 3534 837 3588 241
857 3525 1267 3599 [Ανγέ]1ιτόςμ’ἆνίθη[κι...
1298 3528 1393 3584 SImile
1414 3528 1518 3603 Hoffm.
1538 3534 1590 3588 254

502 3612 621 3684 Ἰφιδίκη
640 3618 667 3685 μ’
674 3611 812 3685 ἀνέθηκεν
823 3615 969 3686 Ἀθηναίωι
988 3612 1145 3686 ποίιοτίχωι.

485 3704 629 3770 Similem
671 3695 846 3771 eorundem
865 3706 1099 3791 ,dedicationis
1131 3705 1303 3771 verborum
1344 3704 1589 3772 collocationem

420 3810 458 3872 in
481 3813 728 3892 pentametro
751 3808 909 3877 habemus
931 3808 1054 3875 111142
1082 3806 1383 3895 (‚,AnacreontIs“):
1413 3806 1589 3877 Θεσσαλίας

420 3912 451 3992 μ’
469 3910 595 3993 ἀνέθηκ’
614 3910 708 3995 ἀρχός
721 3908 953 3996 Ἐχεκρατίδας.
990 3912 1040 3977 Illi
1062 3913 1292 3979 usitatissimae
1307 3911 1477 3977 verborum
1493 3909 1589 3976 collo-

420 4016 541 4080 cationi
564 4017 757 4080 contrariam
780 4016 897 4100 prabet
918 4017 1119 4099 epigramma
1142 4014 1194 4101 (Α.
1211 4016 1247 4080 Ρ.
1265 4016 1311 4081 VI
1336 4014 1394 4080 127
1417 4011 1589 4100 (Niciam),

489 4255 510 4319 1)
537 4253 636 4320 „Diese
656 4253 812 4309 eiulacbste
830 4254 915 4309 Form
935 4253 998 4321 (das
1017 4254 1142 4310 Verbum
1160 4254 1198 4309 lm
1216 4252 1331 4309 Perfect
1349 4253 1419 4317 oder
1436 4255 1588 4320 Praesens)

420 4342 458 4394 ist
475 4340 520 4394 nie
533 4352 606 4410 ganz
620 4346 706 4402 ausser
718 4339 868 4395 Gebraucb
880 4341 1072 4411 gelrommen.‘
1092 4341 1166 4396 Emil
1177 4340 1302 4410 Hllbner,
1313 4342 1394 4396 Rom.
1404 4339 1590 4410 Epngaphilr,

419 4428 448 4481 in
466 4429 486 4482 1.
505 4443 533 4481 v.
551 4427 661 4481 Miilleri
677 4426 840 4483 Euchiridio
859 4429 880 4497 l,
898 4432 959 4486 690.

488 4516 510 4581 ²)
530 4512 572 4569 Os.
590 4513 694 4569 Herod.
706 4514 731 4569 V
745 4517 778 4572 59
797 4514 845 4585 qui
862 4514 916 4570 boc
936 4516 1111 4586 epigramma
1127 4516 1189 4584 ipse
1207 4515 1337 4583 inspexit

488 4603 509 4669 8)
533 4602 576 4655 De
600 4600 772 4669 pronominis
795 4601 887 4657 torma
910 4621 944 4671 με
965 4607 1032 4670 post
1054 4602 1172 4672 prImam
1195 4617 1297 4657 versus
1314 4618 1416 4657 vocem
1434 4602 1530 4671 postta
1552 4600 1589 4656 ef.

420 4687 638 4758 Wackernagel,
655 4705 683 4757 p.
701 4692 758 4746 346.
796 4688 839 4744 Gt.
858 4688 944 4743 etiam
963 4704 1089 4759 eaquae
1107 4689 1181 4743 idem
1201 4687 1271 4743 dixit
1288 4688 1379 4744 verba
1402 4690 1419 4743 1.
1439 4705 1464 4743 c.
1480 4706 1509 4759 p.
1527 4692 1589 4747 351.
