3717 5434
828 555 867 621 21

325 730 477 814 Denique
512 734 547 793 ut
579 746 691 794 omnes
724 725 856 793 deornm
890 727 1149 811 significationes
1182 749 1266 813 quae
1298 734 1332 795 in
1367 732 1433 815 epi-

252 835 454 917 grammatis
486 836 618 897 exstant
651 829 814 915 proferam
849 830 1043 898 monendum
1079 832 1156 898 mihi
1190 838 1256 917 est,
1291 834 1324 897 in
1356 853 1435 898 non-

253 937 357 1001 nullis
388 935 633 1022 epigrammatis
654 934 717 999 loci
741 934 1010 1018 significationem
1033 937 1080 1000 ita
1103 936 1337 1003 conformatam
1361 956 1434 1002 esse

253 1046 291 1104 ut
330 1038 459 1105 dicatur
491 1038 556 1103 ubi
590 1036 728 1104 donum
764 1035 985 1103 dedicetur.
1034 1040 1227 1123 Priusquam
1255 1045 1363 1104 autem
1390 1039 1434 1104 ad

254 1143 413 1227 exempla
440 1139 609 1208 afferenda
636 1159 687 1205 me
715 1142 894 1224 accingam,
924 1141 1015 1205 brevi
1045 1140 1127 1225 dico,
1161 1142 1336 1208 ordinem
1369 1163 1433 1225 quo

255 1248 501 1331 epigrammata
516 1246 672 1311 allaturus
693 1264 763 1310 snm
779 1246 968 1328 religionem
984 1245 1180 1311 Graecorum
1197 1251 1230 1310 et
1244 1251 1433 1313 nascentem

255 1357 290 1415 et
326 1354 527 1416 crescentem
562 1354 595 1413 et
629 1347 773 1414 adultam
807 1347 901 1413 nobis
936 1347 1108 1415 ostendere
1118 1347 1154 1434 1).
1209 1350 1260 1414 En
1293 1349 1433 1434 plurima

255 1454 413 1539 exempla
438 1472 523 1536 quae
550 1454 597 1517 ita
630 1471 810 1536 proponere
837 1451 946 1536 placet
972 1458 1009 1516 nt
1040 1453 1115 1518 huic
1144 1454 1191 1518 rei
1220 1451 1432 1518 illustrandae

254 1558 403 1622 maxime
435 1555 555 1621 idonea
587 1556 660 1619 sint.
721 1554 827 1637 Atque
865 1556 1004 1639 primum
1044 1556 1249 1641 proferantur
1287 1575 1328 1621 ea
1366 1556 1433 1641 epi-

254 1664 444 1743 grammata
469 1660 502 1723 in
530 1658 646 1743 quibus
675 1656 736 1723 deo
764 1664 799 1722 ut
825 1660 873 1723 ita
896 1657 1002 1723 dicam
1032 1659 1101 1724 sub
1130 1658 1222 1725 divo
1252 1658 1431 1724 dedicatur.

254 1764 379 1831 Velut
402 1763 469 1829 sub
494 1762 651 1828 arbore:

290 1866 328 1921 A.
342 1866 374 1919 Ρ.
387 1866 426 1921 vl
438 1867 472 1923 35
491 1863 656 1931 (Leonidae)
674 1858 745 1917 κατὰ
765 1856 916 1917 πλατάνου.

290 1953 326 2007 Α.
340 1954 373 2007 Ρ.
386 1952 426 2008 Vl
438 1956 486 2009 921
507 1949 671 2020 (Leonidae)
689 1951 756 2018 παρ’
774 1944 918 2021 εὖνρέμνφ
935 1950 1001 2027 τᾷδε
1018 1990 1025 2005 .
1040 1992 1067 2005 ..
1086 1951 1156 2019 ιλροί.

289 2040 326 2095 Α.
340 2039 425 2097 va
437 2042 487 2096 106
506 2037 635 2107 (Diodori
653 2038 757 2105 Zonae)
776 2038 835 2091 κατ’
854 2031 986 2105 &persidos
1001 2032 1162 2095 atatdsoso.

289 2126 327 2181 Α.
340 2127 373 2180 P.
386 2126 425 2181 vr
438 2129 471 2184 ιι
490 2124 583 2190 (Pauli
602 2123 765 2194 Silentiarii)
782 2120 852 2191 aaa
870 2124 960 2179 πιιον.

288 2213 326 2268 A.
340 2214 372 2267 Ρ.
384 2213 424 2269 VI
440 2215 487 2270 lca
505 2211 642 2279 (eiusdem
661 2211 796 2281 auctoris)
814 2206 893 2279 παρὰ
912 2214 1001 2285 φηγῷ.

289 2300 327 2355 Α.
341 2299 420 2355 Plan.
432 2300 446 2355 1
458 2304 489 2356 11
510 2298 761 2367 (Hermocreontie)
779 2294 834 2354 ὑπὸ
853 2295 966 2367 σκιερὰν
983 2296 1130 2355 πλάτανον.

321 2406 431 2471 idtiam
453 2406 492 2470 in
515 2406 623 2471 saxis
639 2403 725 2470 dona
740 2403 810 2472 deis
825 2404 979 2471 dedicata
1001 2410 1084 2471 sunt.
1118 2405 1275 2472 Conferas
1290 2427 1428 2490 quaeso:

290 2511 332 2575 A.
349 2509 386 2574 P.
402 2509 447 2574 VI
464 2507 525 2573 188
549 2506 728 2593 (Leonidae
750 2509 931 2595 Tarentini)
948 2515 1021 2592 πρὸς
1034 2506 1228 2590 Ἀρκαδικοῖς
1253 2510 1429 2579 σκοπέλοις.

290 2614 332 2678 A.
348 2612 384 2677 P.
401 2612 446 2677 Vl
461 2609 502 2677 32
527 2609 701 2697 (Agathiae
725 2611 930 2697 scholastici)
953 2611 1035 2694 παρὰ
1059 2614 1172 2695 πρῶνα.

320 2732 378 2797 Ad
402 2731 532 2799 fontes
556 2737 663 2797 autem
687 2730 870 2798 dedicatur:

290 2838 331 2901 A.
349 2835 473 2902 Plani
491 2835 531 2901 14
554 2835 738 2921 (Zenodoti)
762 2835 843 2919 παρὰ
867 2836 1023 2918 κρήνῃοιν.

292 2939 406 3005 Simile
428 2938 627 3023 exemplum:
649 2939 688 3003 A.
704 2940 740 3003 Ρ.
755 2939 801 3004 VI
816 2938 879 3004 299
901 2937 1074 3024 (Phaniae)
1098 2938 1180 3021 παρὰ
1203 2941 1382 3024 κροκάλαις.

320 3059 373 3125 Ad
396 3060 565 3125 alterum
594 3060 759 3143 religionis
787 3058 923 3143 gradum
952 3064 1103 3144 spectant
1131 3079 1170 3126 ea
1192 3062 1427 3147 epigrammata

256 3165 288 3230 in
311 3163 429 3247 quibus
450 3168 485 3227 ut
508 3162 668 3229 Graecam
691 3182 802 3228 vocem
825 3164 984 3228 retineam
1012 3164 1048 3225 ἐν
1071 3162 1223 3246 τεμένει
1247 3162 1426 3229 dedicatur.

290 3266 395 3321 Hoffm.
407 3268 460 3324 238
479 3266 651 3334 (saecvla)
666 3260 831 3327 ’Λπόλλωνος
845 3305 850 3319 .
865 3304 890 3319 ..
906 3262 936 3319 dv
952 3263 1064 3333 τεμένει.

289 3351 400 3408 ibidem
419 3356 471 3410 274
490 3352 571 3421 [θῆκε
590 3347 652 3421 σό]ν
669 3350 697 3415 le
713 3351 831 3420 τέμενος.

288 3440 336 3493 Pr.
348 3444 400 3497 146
419 3440 454 3506 (c.
467 3442 519 3497 400
537 3453 562 3492 a.
577 3437 639 3493 Chr.
652 3440 691 3506 n.)
709 3434 738 3492 ἒν
755 3433 924 3509 πολυθαήτῳ
944 3437 1048 3508 τεμένει
1066 3432 1142 3502 Διός.

288 3524 344 3580 Kb.
357 3528 410 3582 768
427 3528 514 3591 (saec.
526 3525 598 3593 IVa)
619 3522 648 3577 ἐν
665 3526 798 3592 καθαρῶι
816 3524 928 3593 τεμένεα

289 3611 346 3666 Kb.
358 3613 411 3669 830
429 3612 528 3678 (aetat.
546 3611 638 3679 Rom.)
656 3611 753 3683 κλεινῷ
771 3613 874 3678 Λοξίου
892 3608 922 3665 ἕν
939 3610 1051 3679 τεμένει.

287 3696 372 3753 Adde
391 3698 426 3752 A.
437 3697 469 3752 Ρ.
482 3698 522 3753 Vl
537 3702 584 3755 141
604 3697 849 3766 (Anacreontis)
864 3695 1012 3767 Ἀθηναίης
1031 3696 1060 3753 ἐν
1077 3697 1188 3768 τεμίνει.

317 3802 495 3867 Tertiam
524 3807 632 3867 autem
659 3802 825 3887 religionis
852 3809 994 3869 aetatem
1027 3804 1190 3888 intellegis
1219 3824 1260 3871 ex
1288 3807 1329 3871 iis
1357 3809 1424 3892 epi-

254 3907 445 3989 grammatis
467 3906 640 3987 inquibus
668 3926 737 3973 ara
765 3910 852 3993 ipsa
881 3906 934 3973 vel
962 3909 999 3971 in
1028 3928 1073 3973 ea
1101 3908 1219 3975 donum
1244 3907 1423 3975 dedicatur.

287 4007 323 4063 A.
334 4009 366 4062 P.
378 4006 420 4063 v1
432 4010 484 4065 νιο
501 4006 643 4077 (Philippi)
661 4003 731 4077 οπερ
748 4008 858 4080 papas.

288 4094 322 4149 A.
334 4094 416 4149 Plan.
428 4092 487 4152 117
500 4094 611 4163 (incerti
622 4094 758 4164 auctoris)
778 4095 821 4149 σοί
840 4094 870 4151 δὲ
888 4098 978 4160 καλῶς
995 4099 1113 4168 βωμοῖσι
1131 4093 1334 4167 παριστάμενος
1344 4094 1426 4162 πόσις

340 4180 428 4249 αίμοῖν
446 4181 559 4248 φοίνιον
577 4178 607 4235 ἐκ
625 4184 722 4238 λαοίον
741 4180 860 4252 στήθεος
878 4181 937 4252 αἷμ’
949 4178 1040 4255 dudm.

323 4413 345 4479 ι)
363 4410 461 4482 Neque
484 4417 579 4469 tamen
602 4413 672 4469 ordo
696 4431 752 4484 quo
775 4414 804 4470 in
827 4415 1040 4485 epigrammatis
1063 4416 1246 4484 disponendis
1269 4433 1337 4471 usus
1361 4433 1422 4471 eum

255 4500 343 4553 aetati
364 4498 598 4568 epigrammatum
621 4501 746 4570 ipsorum
768 4502 931 4570 respondet.
967 4502 1039 4559 Nam
1062 4503 1181 4572 exempli
1203 4504 1297 4573 gratia
1318 4506 1422 4571 poetae

255 4584 323 4725 sep}
345 4584 530 4641 Alexandrini
555 4592 583 4642 et
610 4587 776 4657 posterioris
803 4590 907 4643 aetatis
934 4589 1097 4645 memoriam
1121 4589 1306 4659 antiquissimi
1330 4589 1422 4645 cultus

254 4686 285 4724 re
324 4676 383 4725 unt.
