3717 5434
986 570 1028 637 56
1094 662 1102 666 .

484 744 632 813 Eandem
655 742 870 809 dedicationis
893 761 1027 809 causam
1049 744 1083 807 iu
1105 762 1198 809 suum
1222 762 1314 809 usum
1338 748 1504 809 verterunt
1519 744 1593 809 Ro-

420 850 521 915 mani
551 847 614 913 hac
643 847 913 914 conformatione:
936 845 1015 911 Bch.
1037 846 1101 911 249
1130 844 1230 932 (sace.
1248 848 1280 912 ll
1294 845 1342 933 p.)
1373 848 1487 931 accipe
1508 865 1594 929 quae

420 953 529 1037 pietas
551 953 643 1036 ponit
664 950 723 1017 tibi
739 950 825 1016 dona
848 950 996 1015 merenti.
1034 948 1114 1015 Bclr.
1129 949 1194 1015 867
1217 970 1308 1015 aram
1324 951 1456 1017 numina
1478 955 1594 1015 sanctu
1716 989 1718 1036 η

420 1055 530 1122 colens
553 1054 756 1121 (lammarius
778 1054 895 1139 posuit.

468 1157 686 1245 ,Saepissime
714 1179 736 1223 a
756 1158 863 1243 poetis
886 1156 1031 1240 Graecis,
1061 1158 1174 1222 metri
1196 1160 1276 1241 puto
1297 1175 1432 1243 causa,
1460 1156 1595 1222 verbnm

422 1259 606 1346 εὔχεσθαι
628 1260 809 1327 adhibitum
832 1259 981 1326 videmus
990 1258 1025 1346 ¹).

455 1365 493 1430 A.
507 1365 542 1429 Ρ.
555 1365 600 1431 VI
613 1364 676 1429 243
693 1361 857 1449 (Diodori)
875 1360 978 1448 εὔχετ’
992 1361 1177 1427 ἐπισπένδων
1190 1364 1265 1428 τάδε
1278 1360 1427 1445 Μάξιμος.
1454 1363 1519 1428 Kb.
1531 1364 1595 1429 835

506 1468 619 1549 (aetat.
636 1466 742 1551 Rom.)
767 1487 797 1532 a.
813 1466 855 1531 M.
869 1462 1050 1535 Ὀκτάουιος
1065 1461 1216 1553 Ἵλαρο[ς]
1246 1464 1415 1548 εὐξάμενος
1443 1464 1595 1549 ἀνέθηκα.

484 1570 575 1637 Ηεεο
603 1575 711 1635 autem
740 1570 903 1656 participii
931 1570 1047 1652 forma,
1081 1588 1165 1651 quae
1193 1571 1227 1633 in
1254 1568 1396 1635 omnium
1423 1573 1595 1653 poetarum

421 1673 547 1740 deliciis
575 1671 702 1739 videtur
732 1672 844 1757 luisse,
871 1674 996 1737 cortis
1018 1671 1254 1754 quibusdam
1282 1691 1464 1738 versuum
1491 1672 1597 1737 locis

421 1782 537 1844 exstat.
574 1776 692 1843 Omnia
708 1778 804 1861 enim,
821 1781 856 1842 ut
870 1774 933 1842 hoc
948 1776 1164 1861 praemittam,
1187 1774 1284 1841 buius
1298 1775 1428 1858 generis
1444 1775 1598 1859 exempla

423 1881 582 1967 praebent
598 1880 658 1946 hoo
674 1880 878 1965 participium
893 1881 927 1943 iu
943 1878 1075 1944 altero
1091 1879 1336 1963 epigrammatis
1350 1896 1474 1944 versu.
1515 1878 1596 1943 Cum

420 1984 559 2070 plurima
581 1986 818 2069 epigrammata
841 1986 963 2047 metro
986 1981 1168 2065 elegiaco
1186 1985 1344 2066 concepta
1360 1981 1435 2065 sint,
1457 1980 1597 2064 legimus

374 2085 380 2100 '
420 2086 499 2153 illud
522 2088 728 2172 participium
751 2085 881 2151 tribus
903 2104 1042 2150 versus
1063 2086 1305 2170 pentametri
1327 2083 1439 2150 locis.

485 2192 527 2256 In
550 2191 682 2274 priore
705 2189 944 2274 pentametri
967 2191 1081 2272 parte
1103 2190 1283 2254 ineunte:

457 2294 519 2359 Kb.
537 2292 595 2358 751
623 2294 722 2375 (saec.
740 2293 823 2376 Va.)
848 2289 983 2375 ἀνέθηκε
1001 2337 1008 2352 .
1027 2335 1034 2350 .
1054 2335 1061 2350 .

627 2394 826 2482 εὐξάμενοςῖ)
851 2396 983 2479 δεκάτην
1006 2392 1145 2458 Παλλάδι
1168 2390 1352 2477 Τριτογενεῖ.
1450 2390 1457 2401 ’

458 2498 520 2566 Kb.
537 2500 599 2567 803
625 2497 739 2585 (aetat.
755 2498 862 2583 Rom.)
887 2497 1062 2581 ἀνέθηκεν.
1082 2542 1089 2557 .
1108 2542 1115 2557 .

626 2602 791 2685 εὐξάμενος
816 2598 976 2689 [σ]τη’λλην
999 2600 1122 2682 λαινέην
1146 2600 1162 2663 ὁ
1184 2596 1303 2684 Βοίλης.

485 2708 593 2773 Etiam
617 2706 749 2772 altera
771 2704 1015 2791 pentametri
1037 2724 1129 2788 pars
1152 2704 1193 2769 ab
1216 2703 1279 2770 hac
1301 2705 1393 2771 verbi
1416 2705 1521 2773 forma
1549 2709 1596 2773 in-

421 2813 515 2896 cipit:
537 2811 600 2876 Kb.
618 2809 680 2874 765
706 2807 805 2894 (saec.
822 2809 906 2891 Va.)
932 2858 939 2873 .
958 2859 964 2873 .
982 2859 989 2873 .
1007 2805 1186 2895 ε]ὐξάμενος
1210 2808 1352 2892 δεκάτην.

486 2915 662 2979 Praeterea
685 2912 923 2996 pentametri
947 2911 1077 2976 exitus
1092 2909 1153 2977 hoo
1169 2911 1340 2996 participio
1357 2912 1514 2979 formatus
1530 2921 1597 2981 est:

421 3015 484 3083 Kb.
501 3016 566 3083 804
589 3014 702 3100 (aetat.
718 3011 825 3099 Rom.)
842 3060 850 3079 .
867 3062 875 3080 .
892 3062 899 3077 .
916 3036 967 3083 νος
992 3014 1066 3098 ὑπὲρ
1089 3013 1201 3076 τέκνων
1226 3011 1392 3101 [Σ]ιλουίου
1417 3014 1597 3100 εὐξάμενος.

486 3118 697 3202 Partioipium
724 3117 816 3182 verbi
848 3118 1079 3201 praesentis
1108 3136 1303 3201 quamquam
1337 3140 1409 3184 raro
1439 3122 1597 3206 scriptum

424 3221 570 3288 videmus
604 3226 714 3285 tamen
747 3219 940 3303 exemplum,
974 3219 1060 3302 quod
1093 3222 1212 3305 inveni,
1245 3221 1334 3286 illam
1363 3223 1501 3288 sormam
1530 3245 1597 3292 uno

422 3345 542 3407 eorum,
566 3343 647 3407 quos
670 3343 769 3407 supra
792 3322 870 3406 dixi,
893 3325 1088 3408 pentametri
1102 3323 1245 3390 locorum
1261 3325 1406 3410 praebet.
1444 3326 1481 3391 Α.
1499 3329 1596 3395 P.Vl

423 3427 485 3493 230
510 3426 647 3513 (Quinti)
673 3427 749 3517 θηκε
773 3426 866 3509 γέρας
883 3476 891 3493 .
907 3474 942 3492 ..

669 3526 836 3613 εὐχόμενος
860 3529 976 3593 νούσων
1000 3530 1087 3599 ἐκτὸς
1111 3530 1183 3593 ἰδεῖν
1203 3527 1320 3614 Ἀΐδην.

487 3632 594 3696 Etiam
617 3630 678 3696 hac
701 3633 733 3696 in
757 3651 790 3697 re
813 3633 1005 3698 varietatem
1029 3634 1138 3700 effecit
1165 3639 1324 3700 metrum
1352 3635 1513 3701 interdum
1537 3657 1595 3721 pro

423 3734 559 3819 simplici
587 3734 692 3802 forma
720 3736 853 3801 verbum
888 3738 1100 3822 compositum
1133 3737 1312 3821 postulans.
1363 3738 1454 3804 Haeo
1488 3739 1595 3806 habeo

423 3838 590 3922 exempla:

458 3943 520 4007 Kb.
535 3942 597 4007 740
615 3942 715 4027 (saec.
729 3941 773 4005 Vl
789 3940 833 4027 a.)
852 3942 900 4003 σοὶ
915 3942 972 4023 γὰρ
989 3941 1195 4028 ἐπευχόμενος
1208 3945 1288 4006 τοῦτ’
1301 3943 1447 4008 ἐτέλεσσε
1463 3944 1592 4030 γράφων.

508 4046 546 4111 Α.
562 4046 600 4110 Ρ.
615 4046 660 4111 Vl
679 4044 739 4110 185
764 4044 900 4130 (Zosimi
922 4046 1049 4128 Thasii)
1080 4042 1230 4131 Κλείτωρ,
1254 4046 1378 4131 εὐθήρῳ
1402 4047 1479 4112 Πανὶ
1502 4073 1593 4135 προσ-

509 4147 680 4230 ευξοίμενοι.

493 4328 514 4394 1)
536 4327 580 4380 De
604 4324 659 4380 hoc
682 4324 773 4381 verbo
797 4327 825 4380 in
844 4326 967 4397 antiquis
986 4326 1159 4384 Graecorum
1177 4329 1389 4398 precationibus
1410 4330 1537 4388 adhibito
1557 4332 1591 4387 ol.

422 4412 526 4467 Adami
543 4428 570 4481 p.
590 4416 654 4483 2343
673 4412 782 4483 Zieglcr
800 4430 825 4483 p.
846 4418 879 4472 43
898 4418 927 4468 et
945 4420 987 4472 66.

493 4501 515 4569 ²)
541 4497 630 4563 Quam
654 4498 802 4554 lormulam
827 4500 854 4555 iu
878 4500 964 4556 rebus
982 4503 1136 4573 gratiarum
1155 4502 1368 4559 relereudarum
1387 4521 1475 4561 causa
1493 4507 1593 4562 dicatis

424 4586 552 4641 adhiberi
575 4586 667 4641 solere
690 4586 828 4641 intellexit
850 4588 942 4641 Franz
966 4588 983 4643 l.
1002 4606 1026 4644 o.
1044 4606 1071 4658 p.
1090 4593 1156 4661 3353
1182 4589 1308 4645 Reiuaoh
1331 4608 1358 4660 p.
1378 4595 1443 4656 3833
1470 4593 1592 4662 bertold,

423 4673 543 4741 Handb.,
562 4688 589 4741 p.
608 4675 668 4731 858.
