3717 5434
997 606 1118 705 ⁴0„

464 782 501 838 A.
515 784 547 838 P.
559 782 598 838 Vl
611 784 663 841 188
680 778 835 849 (Leonidae
854 775 1013 841 Tarentini)
1034 770 1070 830 τὰ
1092 768 1237 846 toy-ddi«
1254 814 1303 831 ...
1319 776 1406 831 ταῦτα
1428 770 1502 845 κρος
1514 769 1604 844 Ἀρκα-

516 870 605 933 δικοῖς
623 866 792 938 ἐκρέμασε
810 862 963 929 σκοπέλοις.
998 863 1038 921 Vl
1050 866 1103 921 lec
1114 862 1227 931 (incerti
1237 861 1375 931 auctoris)
1396 857 1472 925 Τσάς
1481 858 1606 930 θυρεοὺς

518 952 533 1011 d
557 952 732 1017 Μολοσσὸς.
752 994 758 1007 .
777 994 784 1009 .
803 952 896 1019 ίάρον
914 945 1020 1025 Ἀθάτρ
1042 944 1157 1019 Πάρρος
1179 943 1236 1003 tue
1263 946 1397 1019 θρασέσιν
1420 946 1606 1019 ἐκρέμασεν

521 1042 658 1097 Γαλατᾶν.
687 1042 727 1097 vl
739 1044 791 1099 282
809 1036 977 1109 (Theodori)
991 1033 1079 1110 Ἑρμᾷ
1090 1034 1254 1105 Καλλιτέλης
1271 1033 1459 1105 έκρέμασεν
1476 1032 1605 1090 πέτασον.

520 1130 558 1185 v1
578 1134 627 1189 loe
645 1128 763 1198 (Zonae)
786 1126 874 1196 έίρμα
897 1123 1098 1193 λνκορραίστης
1119 1118 1308 1192 ίκρέμασιν
1327 1124 1460 1178 Τελέσων.
1495 1124 1604 1181 V1151

501 1215 659 1289 (Tymtris)
685 1216 797 1279 Μίκκσς
816 1254 822 1267 .
841 1254 847 1269 .
864 1252 872 1271 .
890 1208 977 1269 σάλον
998 1206 1074 1267 τόνδ’
1092 1206 1121 1274 ές
1134 1204 1284 1275 Ἀθαναίας
1303 1207 1462 1280 έκρέμασ’
1481 1205 1606 1273 Ἰλιάδος.

517 1305 557 1361 Vi
578 1308 627 1363 152
645 1302 738 1373 (Agis)
761 1298 818 1357 aa)
831 1294 959 1365 στάλικας
975 1296 1024 1354 κοιλ
1040 1292 1132 1366 πτηνά
1150 1291 1294 1369 λαγαβάλα
1307 1338 1314 1352 .
1327 1336 1334 1351 .
1348 1338 1354 1351 .
1366 1297 1492 1365 Μαίσων,
1512 1299 1607 1367 Φοῖβε,

518 1388 569 1447 σὺν
586 1390 706 1459 lemnio
722 1384 910 1457 έκρέμασιτ
927 1379 1069 1454 καλάμοις.

496 1498 604 1563 Etiam
644 1495 779 1560 ultimo
817 1493 933 1579 primi
969 1492 1207 1577 pentametri
1245 1489 1335 1556 loco
1372 1489 1433 1557 hoc
1471 1490 1608 1555 verbum

432 1601 573 1684 positum
597 1597 761 1663 videmus:

467 1719 500 1774 A.
515 1720 545 1774 P.
560 1717 600 1770 VI
614 1720 648 1777 89
667 1716 803 1785 (Maeciae
818 1714 924 1783 Quinti)
944 1708 960 1768 i
977 1708 1092 1783 νρικιάς
1109 1706 1243 1782 καλάμοις
1260 1706 1387 1783 κάραβον
1406 1709 1609 1781 ἐκρέμασεν.

519 1806 558 1863 Vl
578 1808 631 1863 210
656 1802 794 1872 (Philetae
818 1802 915 1872 Samii)
947 1796 1050 1864 Νικιάς
1078 1800 1118 1864 είς
1146 1795 1216 1868 νηὸν
1242 1793 1385 1868 adaptem
1416 1796 1610 1868 ἐκρέμασεν

521 1888 652 1947 σάνδαλα.
688 1891 728 1946 vl
745 1893 792 1948 let
811 1888 956 1958 (Archiae)
976 1889 1072 1943 Ταῦτα
1090 1888 1253 1956 σανηναίοιο
1271 1886 1349 1941 λίνον
1366 1882 1467 1955 imarii
1485 1884 1610 1957 Πριήτιρι

518 1980 636 2047 λείψανα
654 1976 702 2032 καί
720 1972 837 2046 κάρτονς
856 1971 989 2039 Φιντάλος
1008 1972 1205 2045 έκρέμασιν.

497 2083 661 2150 Interdum
689 2089 806 2167 poetae
834 2080 1091 2166 epigrammatiei
1121 2079 1333 2164 compositi
1362 2079 1610 2163 ἀνακρεμάιιομι

432 2189 570 2255 sormam
586 2187 701 2252 metri
725 2204 846 2251 eausa
868 2184 989 2267 eligere
1005 2184 1110 2249 ooaoti
1126 2187 1209 2248 sunt.
1243 2182 1335 2247 Haec
1350 2187 1425 2247 sunt
1440 2182 1610 2268 exempta:
1718 2249 1719 2264 ¹

468 2308 502 2361 A.
515 2307 546 2360 P.
559 2306 599 2361 VI
610 2309 660 2363 247
671 2302 814 2373 (Philippi)
828 2303 965 2369 Κερκίέας
975 2343 981 2357 .
992 2344 999 2356 .
1010 2344 1015 2356 .
1025 2297 1138 2370 Aleten)
1148 2302 1244 2371 κονίης
1256 2301 1350 2368 δῶρον
1361 2297 1535 2370 άνεκρέμα
1543 2318 1609 2357 σον.
1718 2325 1719 2392 p

521 2393 624 2453 V1295
644 2391 790 2461 (Phaniae)
809 2394 918 2461 Σμῐλαν
931 2384 1112 2452 Ἀκεστάιέας
1130 2383 1343 2457 δονακόνλορον
1356 2428 1362 2441 .
1376 2388 1544 2455 ..Πιερίσιν
1561 2408 1609 2443 ιτε-
1718 2403 1719 2474 J

523 2481 584 2543 νίας
603 2472 699 2549 άρμειί
718 2474 960 2547 άνεκρέμασεν.
996 2477 1035 2533 Vl
1049 2480 1099 2535 298
1111 2475 1276 2545 (Leonidae)
1295 2471 1395 2546 Πήρην
1407 2516 1414 2531 .
1427 2516 1433 2529 .
1448 2515 1454 2530 .
1466 2474 1515 2531 καί
1526 2479 1611 2530 acm

525 2606 531 2622 .
544 2606 550 2620 .
562 2607 568 2620 .
580 2567 666 2623 ταῦτα
680 2607 685 2620 .
697 2610 703 2623 .
715 2607 719 2617 .
736 2566 809 2619 σκῦλ’
822 2560 877 2620 άπὸ
888 2561 1039 2632 Σωχάρεος
1048 2562 1134 2634 Λιμὸς
1144 2559 1384 2633 ἀνεκρέμασεν.
1408 2563 1447 2618 VI
1461 2564 1514 2622 309
1526 2566 1610 2633 (Leo-

520 2655 614 2723 nidae)
634 2693 640 2709 .
662 2694 668 2708 .
689 2693 694 2705 .
714 2656 838 2721 σφαῖραν
855 2692 861 2704 .
880 2692 886 2705 .
905 2692 911 2705 .
931 2652 1058 2721 Φιλικλῆς
1071 2646 1181 2722 Ἑρμείῃ
1199 2646 1302 2719 ταάτητ
1318 2651 1450 2719 κοξινέην
1467 2648 1611 2721 πλατάγην
1718 2653 1719 2660 ’

523 2744 630 2795 ...καί
648 2736 697 2794 τὸν
715 2734 819 2794 ἑλικτὸν
837 2733 945 2808 ῥόμβον
961 2732 1134 2805 κουροσάνης
1151 2738 1254 2806 καίνει*
1272 2732 1517 2806 ἀνεκρέμασεν.

499 2846 707 2931 Quantopere
735 2850 843 2910 autem
876 2846 1145 2930 epigrammatum
1181 2845 1355 2928 scriptores
1383 2842 1444 2910 hoo
1474 2844 1610 2910 verbum

433 2952 471 3015 in
494 2954 741 3034 pentametro
765 2944 935 3013 exeunte
958 2949 1097 3031 positum
1122 2946 1356 3032 adamaverint,
1380 2946 1456 3012 inde
1479 2967 1610 3031 quoque

434 3058 582 3137 apparet,
605 3050 691 3135 quod
715 3049 829 3117 eodem
845 3050 989 3117 eiusdem
1013 3070 1126 3116 versus
1148 3050 1219 3116 loco
1243 3051 1342 3115 etiam
1364 3052 1499 3136 passive
1516 3052 1609 3117 verbi

434 3155 562 3222 forma
584 3155 770 3238 κρέμαται
793 3154 887 3220 nobis
910 3156 1057 3220 occurrit.
1104 3152 1278 3219 Gonferas:

468 3275 503 3330 A.
516 3277 547 3331 P.
560 3276 600 3331 VI
616 3278 663 3334 141
684 3273 930 3343 („Anacreontis“)

720 3358 801 3424 άσττίς
813 3356 962 3429 Ἀθηναίης
981 3357 1010 3414 έν
1027 3358 1131 3429 τεμένει
1148 3358 1324 3429 κρέμαται.

471 3449 505 3504 Α.
518 3449 547 3503 Ρ.
560 3449 600 3504 VI
614 3452 630 3506 9
649 3447 833 3517 (Mnasaloae)

649 3530 776 3602 ...τόξα
794 3536 840 3589 καί
859 3534 984 3604 ἰοχέαιρα
1003 3534 1139 3603 φαρέτρα,

648 3622 726 3690 δῶρα
744 3617 822 3689 παρά
841 3617 1001 3691 Προμάχου,
1022 3624 1115 3693 Φοῖβε,
1133 3616 1198 3675 τάδε
1216 3620 1393 3690 κρέμαται.

499 3728 665 3812 Exemplis
689 3728 798 3794 allatis
812 3748 898 3794 nunc
916 3726 1090 3793 dicendum
1104 3732 1166 3812 est,
1190 3726 1319 3809 quando
1335 3728 1415 3793 illud
1432 3727 1608 3795 dedicandi

435 3832 567 3897 verbum
592 3832 634 3896 sit
651 3829 839 3897 adhibitum.
878 3832 929 3896 Ex
951 3834 992 3896 iis
1007 3851 1091 3914 quae
1115 3851 1177 3915 ego
1194 3830 1324 3913 quidem
1340 3831 1434 3896 attuli
1450 3833 1609 3918 exemplis
1717 3843 1718 3852 ’

436 3936 515 4000 satis
538 3932 737 4001 intellectum
760 3940 848 4019 puto,
872 3941 1006 3999 aetate
1030 3939 1236 4019 poetarum
1252 3933 1608 4000 Alexandrinorum

435 4037 523 4105 illam
560 4036 775 4104 dedicationis
808 4036 945 4102 formam
974 4043 1079 4103 ortam
1114 4056 1196 4103 esse.
1247 4037 1317 4103 Nec
1344 4057 1421 4102 uero
1453 4036 1608 4103 audiendi

436 4146 520 4223 sunt,
544 4142 596 4223 qui
613 4139 724 4205 dicunt
740 4138 818 4206 illud
834 4141 968 4205 verbum
984 4141 1121 4225 primum
1146 4141 1188 4206 ab
1202 4141 1408 4206 Anacreonte
1430 4147 1529 4226 poeta
1551 4140 1608 4207 ad-

436 4244 572 4309 hibitum
588 4262 661 4309 esse
674 4242 761 4327 qnod
774 4241 903 4327 quidem
919 4241 1037 4309 doceat
1054 4244 1123 4309 eius
1141 4246 1342 4329 epigramma
1354 4245 1403 4326 (A.
1416 4244 1506 4309 P.VI
1521 4244 1607 4330 141).

435 4347 530 4432 Nam,
552 4348 580 4411 si
596 4348 668 4430 quis
683 4352 777 4431 putat
798 4346 859 4412 hoo
875 4366 909 4411 re
925 4367 1004 4412 vero
1017 4348 1231 4413 Anacreontis
1247 4366 1330 4432 esse,
1346 4346 1401 4413 iile
1415 4349 1607 4431 gravissimo

436 4471 544 4517 errore
568 4450 736 4536 teneturl).

507 4716 527 4782 ¹)
547 4714 590 4769 Gt.
609 4731 635 4768 v.
656 4712 1064 4782 Wilemowitz·Moeilendorff‚
1082 4716 1200 4769 Hermes
1219 4715 1275 4769 XX
1294 4718 1394 4784 (1885),
1411 4728 1439 4783 p.
1459 4718 1502 4771 62.
