3717 5434
820 624 941 722 aa*

320 800 421 865 Ante
444 797 619 862 ultimam
641 814 781 861 versus
803 797 1045 879 pentametri
1068 816 1215 863 vocem:

291 902 329 967 A.
347 902 382 967 Ρ.
398 902 444 966 vl
460 899 502 964 96
525 900 660 984 (Erycii)
686 944 762 976 ...‚
788 897 884 982 νομίῳ
906 898 1000 961 καλὸν
1023 898 1147 983 ἄγαλμα
1170 899 1246 982 θεῷ.

320 1022 455 1088 Summa
482 1020 608 1087 donarii
635 1020 707 1087 laus
735 1020 924 1105 exprimitur
957 1019 1018 1087 hoc
1046 1022 1217 1105 aptissimo
1245 1020 1425 1087 hexametri

256 1126 360 1191 exitu:
382 1124 608 1209 περικαλλὲς
633 1121 792 1206 ἄγαλμα.

289 1228 323 1283 Α.
336 1229 369 1284 Ρ.
382 1228 421 1284 VI
438 1232 454 1284 7
473 1226 584 1295 (incerti
602 1226 738 1295 auctoris)
763 1218 877 1296 νικήσας
901 1220 1023 1296 ἀνέθηκε
1046 1219 1103 1281 τεῒν
1125 1224 1284 1294 περικαλλὲς
1306 1219 1424 1296 ἄγαλμα.

342 1315 415 1372 V18
434 1314 545 1382 (incerti
563 1312 698 1380 auctoris)
719 1311 898 1381 μουναρχέων
916 1309 1038 1383 ἀνέθηκε
1055 1313 1114 1369 τεῒν
1130 1311 1289 1383 περικαλλὲς
1307 1307 1425 1382 ἄγαλμα.

341 1402 377 1457 Α.
387 1401 467 1457 Plan.
476 1402 515 1459 IV
527 1406 576 1459 164
585 1400 723 1469 (Luciani)
735 1399 790 1455 Σολ
802 1402 914 1471 μορφῆς
926 1395 1054 1471 ἀνέθηκα
1065 1403 1127 1471 τεῆς
1138 1400 1297 1469 περικαλλὲς
1306 1394 1425 1471 ἄγαλμα.

318 1507 506 1573 Pluribus
528 1512 637 1573 autem
659 1508 795 1573 verbis
818 1506 893 1573 doni
917 1507 1046 1573 laudem
1068 1506 1162 1573 vides
1184 1526 1387 1591 expressam:

286 1626 409 1685 Kaisa
428 1626 616 1695 (recalva.)
644 1621 748 1695 ο]όόείρ
770 1647 813 1681 νοω
837 1627 948 1681 Λυκίων
971 1624 1071 1697 στήλην
1091 1623 1228 1697 το[ι]όνόε
1251 1622 1424 1697 ἇνόθηκῂΙν.

340 1714 376 1769 Α.
389 1714 421 1769 P.
432 1714 472 1771 Vl
484 1717 536 1773 337
554 1712 722 1785 (Theocriti)
744 1710 760 1770 ό
779 1716 850 1779 δἐλς
868 1713 950 1783 ἔργον
966 1715 1061 1769 πᾶσαν
1078 1710 1171 1784 ἀφῆκε
1188 1712 1293 1783 τέχναν.
1329 1714 1424 1770 Simile

340 1800 512 1871 exemplum:
531 1802 638 1873 Loewy
652 1806 701 1860 147
714 1804 800 1870 (saec.
813 1802 838 1858 11
851 1819 877 1857 a.
890 1801 954 1858 Chr.
968 1805 1006 1871 n.)
1025 1797 1092 1857 οόδὲ
1108 1821 1155 1857 κεν
1174 1796 1257 1864 αὐτὸς
1267 1794 1424 1869 Ἥφαιστος

341 1886 441 1959 τέχνην
457 1890 544 1958 τόνγε
562 1882 684 1944 ὀνόσαιτ’
702 1884 808 1945 ἐσιδών.

317 1995 475 2078 Magnam
498 1992 624 2062 donarii
646 1993 777 2060 laudem
804 1994 855 2061 his
878 2014 1005 2079 quoque
1027 1996 1136 2062 verbis
1165 2013 1354 2081 expressam
1376 1997 1423 2059 in-

252 2097 362 2164 venis:
385 2097 423 2162 A.
440 2097 531 2163 Plan.
547 2096 663 2163 IV182
684 2096 862 2181 (Leonidae
878 2097 1059 2185 Tarentini)
1084 2095 1198 2184 Κύπριν
1222 2098 1258 2162 οὐ
1281 2098 1423 2182 apertuit,

253 2203 321 2265 ἀλλ’
340 2199 480 2286 ἔμψυχον
504 2199 683 2284 stepelinum.
722 2202 762 2267 In
783 2202 1000 2269 hocnumero
1023 2203 1163 2270 sortasse
1185 2203 1242 2268 illa
1264 2202 1423 2292 epigram-

253 2311 344 2371 mata
372 2304 484 2371 haberi
506 2310 651 2389 possunt,
678 2307 712 2370 in
734 2305 850 2389 quibus
872 2304 948 2372 doni
976 2305 1121 2372 laudatio
1148 2327 1212 2373 non
1239 2312 1306 2372 tam
1336 2307 1422 2372 clare

251 2411 337 2474 utin
353 2406 632 2493 antecedentibus,
655 2406 714 2474 sed
729 2428 768 2475 eo
783 2410 1012 2493 elegantius
1035 2409 1124 2475 dicta
1139 2416 1198 2496 est,
1222 2430 1306 2494 quae
1321 2410 1423 2476 verba

253 2512 295 2579 ad
319 2511 479 2578 artificum
502 2510 616 2579 laudes
638 2512 829 2578 referuntur.

339 2702 381 2758 IV
394 2705 443 2761 192
456 2702 567 2770 (incerti
579 2701 713 2770 auctoris)
725 2694 760 2757 'a
778 2704 871 2771 λόονε,
889 2697 925 2772 μὴ
944 2696 1037 2775 νόμιζε
1054 2703 1110 2755 τῶν
1127 2703 1235 2757 πολλῶν
1254 2700 1303 2756 ἕνα
1316 2698 1420 2771 Ἑρμᾶν

340 2792 480 2856 θεωρεῖν..
508 2788 564 2857 adul
581 2783 636 2857 γὰρ
654 2788 734 2858 τέχνα
751 2786 861 2845 Σκόπα.

318 2896 382 2960 Hic
405 2894 495 2961 locus
516 2897 703 2981 communis,
727 2898 781 2978 qui
803 2896 837 2960 in
853 2895 1049 2961 Graecorum
1072 2896 1315 2979 epigrammatis
1331 2893 1421 2960 dedi-

251 3000 387 3064 catoriis
413 2996 489 3063 inde
517 3018 537 3063 a
566 2999 696 3064 saeculo
724 3019 753 3063 a.
775 2998 848 3065 Chr.
867 3021 898 3065 n.
914 3000 961 3065 VI
989 3018 1091 3082 usque
1119 2997 1161 3065 ad
1189 3003 1329 3064 aetatem
1358 2999 1420 3064 Ro-

251 3122 383 3167 manam
412 3101 505 3166 nobis
535 3103 682 3187 occurrit,
713 3104 811 3167 etiam
839 3104 872 3168 in
895 3104 1041 3169 carmina
1063 3101 1265 3168 dedicatoria
1293 3102 1421 3168 latina

252 3206 344 3272 abiit.
391 3204 482 3270 Haec
505 3210 579 3270 sunt
602 3205 766 3290 exempla:
790 3205 865 3271 Bch.
883 3207 946 3271 256
975 3204 1075 3292 (saec.
1091 3207 1153 3288 ΙΙΙ)
1176 3203 1261 3287 quod
1290 3224 1420 3270 carmen

251 3308 481 3393 epigrammati
510 3307 636 3373 Graeco
670 3306 746 3393 (Kb.
768 3308 831 3375 768
859 3330 945 3375 saec.
967 3310 1011 3375 IV
1019 3308 1052 3394 a)
1088 3328 1186 3393 supra
1222 3309 1286 3372 iam
1321 3308 1420 3373 allato

141 3446 142 3493 p
250 3411 357 3477 simile
380 3416 431 3476 est
454 3410 569 3498 (verba
592 3416 699 3478 autem
723 3419 811 3479 sunt:
835 3412 933 3478 credo
955 3411 1084 3495 quidem
1101 3410 1218 3477 donum
1241 3409 1336 3477 nullis
1358 3410 1420 3475 hoc

251 3520 350 3580 antea
373 3518 485 3579 natum
508 3514 644 3581 collibus
666 3520 722 3581 aut
745 3514 861 3602 siluis),
884 3514 1003 3580 deinde
1017 3514 1095 3579 Beb.
1112 3514 1175 3580 265
1193 3512 1292 3599 (saec.
1309 3514 1359 3579 ΙΙΙ
1374 3515 1418 3598 p.)

250 3618 355 3702 regali
386 3622 513 3702 sumptu
536 3617 703 3684 Phoebeia
724 3618 846 3702 templa
868 3618 1011 3683 locauit.
1028 3617 1112 3683 hunc
1139 3622 1271 3702 superat
1296 3619 1419 3702 pietate

250 3740 364 3805 nepos,
380 3768 388 3785 .
406 3768 413 3785 .
430 3767 439 3784 .
455 3725 550 3786 antra
572 3719 653 3787 facit
675 3728 885 3807 sumptusque
907 3726 980 3787 tuos
1003 3740 1073 3805 nec,
1097 3722 1210 3805 Roma,
1233 3720 1375 3804 requirit.

316 3842 388 3907 Huc
411 3843 509 3907 etiam
533 3849 682 3926 spectant
708 3844 935 3928 inscriptiones
957 3841 1079 3907 latinae
1105 3840 1250 3926 pedestri
1273 3842 1419 3906 oratione

251 3951 431 4030 conceptae
453 3945 541 4011 velut
563 3946 657 4012 Dcss.
674 3946 774 4012 4741:
798 3944 881 4013 deae
904 3944 1019 4011 aedem
1043 3946 1128 4010 omni
1153 3964 1212 4010 sua
1234 3945 1382 4029 impensa
1392 3944 1417 4024 ¹1

251 4047 386 4114 donavit
407 4048 449 4113 M.
466 4049 627 4115 Victorius
649 4050 819 4118 Pollentiu.

320 4304 342 4370 ¹)
366 4301 556 4371 Comparandi
581 4316 668 4357 causa
690 4301 775 4357 liceat
803 4304 904 4359 afferre
930 4300 1142 4369 inscriptionem
1169 4299 1308 4354 Graecam
1336 4300 1418 4353 simili

252 4389 336 4445 modo
356 4392 522 4458 conceptam
540 4407 587 4452 τος
604 4391 794 4456 Σωρεινιᾶνορ
812 4410 834 4443 ιο
852 4431 858 4443 .
877 4430 884 4445 .
902 4430 908 4442 .
927 4407 991 4452 nos
1008 4389 1045 4457 (λ)
1064 4381 1156 4458 ἄρχων
1173 4387 1290 4455 Μηλίων
1307 4382 1338 4440 τό
1356 4384 1417 4453 γ’ἐκ

250 4478 306 4530 τῶν
323 4476 413 4539 ἰδίων,
433 4472 518 4549 ἐντῷ
539 4476 598 4545 ἰδίῳ
618 4470 694 4547 τόπῳ
713 4474 744 4531 τὸ
764 4472 915 4545 ὡρολόγιον
929 4471 1094 4543 ,ἀνέθηκεν
1131 4476 1217 4529 Inscr.
1229 4472 1301 4528 from
1320 4473 1417 4528 Melos.

251 4564 370 4619 Journal
386 4562 416 4617 ol
429 4563 555 4619 Helleuic
568 4562 681 4619 Stadios
694 4565 773 4621 XV11
787 4566 886 4632 (1897),
904 4580 931 4632 p.
946 4568 985 4620 17.
1017 4562 1232 4630 inscriptionum
1244 4560 1416 4614 Graecarum

252 4650 380 4719 exempla
403 4665 475 4719 quae
499 4649 572 4705 hanc
600 4650 812 4706 adnotationem
835 4650 974 4718 praebent
998 4649 1112 4717 collegit
1139 4649 1239 4714 Franz,
1261 4647 1416 4712 Elementa,

141 4810 142 4815 η
250 4736 377 4792 Berolini
396 4741 471 4805 1840,
489 4752 515 4805 p.
534 4739 594 4795 335.
630 4736 755 4793 Reinach
774 4738 791 4791 l.
810 4752 831 4793 c.
852 4754 878 4807 p.
897 4740 958 4795 384.
