3717 5434
995 615 1035 682 18

484 788 553 854 Iam
582 789 727 853 carmina
753 787 848 853 huius
876 789 1006 871 generis
1028 786 1231 853 dedicatoria
1257 788 1385 855 latina
1411 788 1595 857 videamus.

483 891 560 957 Bch.
587 889 650 957 256
685 892 786 977 (saec.
808 890 871 977 111)
910 892 1037 958 Latona
1072 896 1223 957 vocatur:
1260 892 1432 959 uenatibus
1469 893 1596 959 incluta

419 996 511 1079 uirgo
519 997 559 1081 1);
582 993 714 1060 dedicat
737 996 822 1060 enim
839 994 992 1061 silvarum
1008 994 1119 1060 cultor.
1154 992 1339 1061 Dedicandi
1354 1015 1475 1062 causae
1498 995 1594 1063 vides

419 1096 697 1164 accommodatum
731 1099 911 1183 epitheton:
944 1098 1065 1183 Victor,
1099 1097 1185 1182 quod
1213 1098 1346 1164 Herculi
1379 1099 1531 1166 tribuitur
1558 1102 1592 1164 in

419 1200 615 1268 carminibus
630 1202 850 1268 Mummianis:
873 1201 953 1268 Bch.
968 1202 989 1266 3
1004 1208 1038 1267 et
1053 1201 1127 1269 248.
1165 1201 1324 1269 Hercules
1339 1204 1470 1288 inuicte,
1493 1222 1594 1286 quam

418 1304 548 1389 quidem
565 1305 617 1371 dei
633 1306 871 1372 invocationem
894 1304 977 1388 legis
991 1304 1069 1371 Bch.
1087 1304 1139 1389 23,
1162 1304 1340 1391 respondet
1361 1326 1436 1372 mea
1457 1306 1594 1391 quidem

419 1410 582 1476 sententia
597 1411 643 1475 rei
660 1429 743 1494 quae
766 1412 888 1495 petitur
910 1409 1036 1475 verbis:
1057 1429 1099 1474 ne
1122 1408 1200 1492 qnid
1222 1408 1275 1475 hic
1289 1409 1348 1475 fiat
1371 1410 1458 1475 mali.
1496 1409 1593 1487 Quod

417 1517 453 1577 ut
475 1512 551 1577 mihi
576 1512 737 1579 concedas
765 1512 914 1579 conteras
942 1512 1039 1577 velim
1062 1512 1123 1578 hoc
1146 1532 1277 1578 carmen
1306 1533 1378 1578 cnm
1408 1514 1594 1596 antiquiore

418 1617 652 1700 epigrammate
676 1614 801 1682 Graeco
823 1616 887 1685 Kb.
906 1614 1033 1701 11382).

664 1720 679 1782 d
702 1722 755 1782 τοῦ
779 1718 848 1789 Διὸς
871 1724 941 1789 παῖς
965 1718 1136 1788 καλλίνικος
1155 1713 1315 1803 Ἡρακλῆς

663 1821 774 1885 ἐνθάδε
797 1826 967 1886 κατοικεῖ.
991 1822 1087 1905 μηδὲν
1111 1822 1214 1885 εἰσίτω
1236 1821 1341 1885 κακόν.

483 1926 608 1993 Eadem
641 1927 808 2009 utriusque
841 1927 1086 2010 epigrammatis
1118 1923 1374 1991 conformatione
1408 1924 1593 2009 eodemque

418 2048 514 2095 sensu
530 2030 633 2113 primo
649 2030 715 2095 iam
728 2029 841 2095 obtutu
858 2029 1039 2114 epitheton:
1054 2031 1174 2094 inuicte
1185 2048 1244 2113 pro
1259 2030 1433 2098 καλλίνικος
1447 2030 1592 2115 positum

418 2150 491 2197 esse
513 2132 720 2215 intellegitur.
759 2132 828 2197 Hoc
844 2138 954 2198 autem
971 2132 1137 2217 epitheton
1153 2130 1240 2215 quod
1263 2132 1379 2196 attinet
1399 2132 1442 2197 ad
1458 2152 1592 2198 sensum

416 2233 613 2319 respondere
628 2232 755 2299 videtur
770 2234 929 2327 epitheto:
954 2234 1146 2311 ἀλεξίκακος,
1171 2235 1249 2319 lovi,
1270 2235 1422 2321 Apollini,
1445 2236 1592 2323 Herculi,

416 2338 575 2404 Mercurio
608 2339 740 2422 saepius
774 2340 929 2407 attributo
937 2341 972 2422 8).
1028 2340 1087 2404 Rei
1120 2357 1252 2424 prorsus
1284 2358 1369 2422 quae
1402 2341 1521 2425 petitur
1555 2348 1593 2406 et

416 2446 551 2508 vovetur
563 2440 842 2508 accommodatam
855 2442 908 2507 dei
920 2444 1159 2508 invocationem
1171 2441 1274 2507 hahes
1285 2441 1363 2507 Bch.
1374 2441 1590 2528 reluceant.

416 2544 574 2611 Oonleras
600 2534 737 2630 quaeso:
768 2545 900 2612 Siluano
927 2594 934 2609 .
958 2594 965 2610 .
988 2594 995 2609 .
1018 2545 1112 2611 huius
1142 2544 1199 2609 alti
1227 2564 1351 2609 summe
1379 2550 1488 2611 custos
1514 2545 1590 2610 hor-

416 2650 473 2713 tuli
491 2698 497 2712 .
515 2698 522 2712 .
540 2698 547 2713 .
564 2648 630 2715 da.
648 2698 655 2715 .
674 2699 680 2714 .
715 2650 800 2716 Itala
815 2668 890 2713 rura
905 2652 937 2713 te
954 2648 1097 2714 colamus
1120 2645 1287 2733 praeside:
1310 2667 1371 2731 ego
1387 2650 1452 2714 iam
1468 2648 1588 2713 dicabo

415 2753 491 2817 mile
514 2773 650 2837 magnas
674 2753 816 2819 arbores.

480 2856 634 2922 Fortasse
659 2858 790 2920 miretur
812 2856 973 2943 quispiam
996 2853 1084 2939 quod
1105 2856 1139 2919 in
1162 2853 1356 2920 carminibus
1377 2851 1588 2921 dedicatoriis

415 2958 524 3024 latinis
553 2977 658 3043 pauca
687 2958 837 3043 exempla
864 2962 1044 3024 occurrunt.
1100 2958 1213 3041 Neque
1243 2976 1318 3023 vero
1348 2956 1586 3041 neglegendum

415 3067 464 3127 est
486 3064 664 3126 carminum
687 3060 959 3129 dedicatoriorum
982 3062 1155 3127 latinorum
1171 3081 1337 3127 numerum
1353 3066 1389 3125 nt
1403 3061 1469 3126 iam
1488 3081 1587 3145 supra

416 3163 482 3229 dixi
509 3165 609 3230 multo
638 3166 793 3231 minorem
828 3186 900 3232 esse
929 3185 1026 3249 quam
1059 3164 1266 3231 Graecorum.
1311 3163 1383 3241 Qua
1410 3163 1451 3229 de
1485 3184 1587 3229 causa

415 3270 529 3333 mirum
551 3289 616 3334 non
638 3268 775 3355 videtur,
798 3268 884 3352 quod
899 3271 933 3333 in
949 3270 1166 3335 Romanorum
1189 3268 1386 3335 carminibus
1408 3286 1512 3351 neque
1536 3272 1585 3331 tot

414 3373 565 3457 exempla
586 3392 691 3460 neque
714 3378 807 3439 tanta
829 3371 1004 3438 formarum
1028 3374 1165 3438 variatio
1187 3372 1358 3437 invenitur.

479 3510 508 3574 3.
532 3510 677 3577 Tertiam
700 3509 838 3594 denique
862 3510 915 3576 dei
939 3510 1219 3594 significationem,
1242 3510 1330 3574 illam
1347 3508 1500 3593 dicoque
1523 3508 1587 3573 uhi

415 3615 609 3699 imprimis
633 3612 730 3680 deus
754 3616 908 3681 colatur
931 3613 1058 3698 dicitur,
1081 3614 1183 3680 hahes
1206 3613 1258 3679 his
1280 3612 1376 3679 locis:

478 3737 610 3817 Apollo.
655 3735 773 3800 Hoffm.
790 3735 854 3801 326
878 3736 979 3824 (saec.
996 3737 1080 3825 IVa)
1110 3734 1214 3799 Πύθι’
1241 3732 1433 3798 Ἄπολλον
1461 3730 1587 3821 [ridet.

413 3838 452 3902 Α.
464 3838 500 3901 Ρ.
512 3838 558 3904 Vl
573 3839 636 3904 336
654 3836 846 3925 (Theocriti)
867 3839 980 3903 ΙΙύῦιε
1006 3839 1133 3903 Παιάν.
1168 3838 1273 3915 Quam
1285 3836 1338 3902 dei
1349 3838 1589 3903 invocationem

484 4035 506 4100 ¹)
524 4034 632 4089 Eadem
652 4033 722 4089 deae
740 4034 885 4090 invocatio
909 4034 938 4089 in
960 4032 1172 4103 epigrammatis
1191 4032 1374 4088 dedicatoriis
1393 4031 1511 4087 Graecis
1529 4046 1588 4086 non

412 4120 528 4189 legitur3
548 4126 624 4176 certe
644 4137 698 4191 ego
711 4120 816 4176 nullum
832 4122 989 4190 exemplum
1002 4120 1104 4177 inveni.
1136 4119 1193 4175 Sed
1206 4119 1389 4189 comparandi
1403 4134 1491 4174 causa
1502 4118 1589 4173 liceat

413 4206 480 4260 mihi
497 4206 549 4262 hos
568 4224 640 4277 quos
658 4207 775 4263 enotavi
792 4208 872 4263 locos
891 4210 1008 4265 afferre:
1035 4209 1069 4263 A.
1086 4208 1118 4262 Ρ.
1135 4208 1174 4263 VI
1192 4211 1244 4264 240
1265 4206 1408 4275 (Philippi)
1433 4202 1522 4274 Ζηνὸς
1538 4204 1589 4259 καὶ

413 4296 518 4362 Λητοῦς
540 4290 703 4364 mouendae
725 4289 817 4361 τοξότι
836 4290 935 4365 κούρη.
971 4295 1054 4366 Orph.
1073 4294 1099 4349 h.
1119 4298 1160 4352 36.
1181 4298 1196 4351 1
1221 4294 1306 4347 κλῦθί
1330 4312 1389 4362 μεν,
1414 4282 1588 4362 ὦβαοίλεια,

412 4375 479 4443 Διὸς
496 4375 659 4450 πολυώνυμε
676 4375 773 4449 κούρη.
812 4382 913 4437 Omnes
932 4382 961 4437 hi
979 4383 1036 4438 loci
1053 4382 1127 4437 inter
1146 4396 1177 4437 se
1198 4383 1359 4449 congruunt
1378 4379 1496 4433 similem
1515 4377 1588 4432 deae

411 4467 620 4522 invocationem
647 4468 675 4521 in
703 4483 789 4523 versu
816 4473 936 4524 exeunte
962 4469 1142 4538 praebentes.
1183 4466 1305 4521 Accedit
1332 4466 1409 4536 quod
1433 4464 1587 4521 venatibus

413 4553 493 4621 (Bch.
511 4557 573 4622 256)
592 4553 748 4622 respondet
764 4550 926 4621 θηροσκόπε
946 4556 990 4624 (Α.
1005 4558 1037 4611 Ρ.
1050 4558 1090 4613 VI
1102 4559 1173 4623 240).

480 4642 501 4706 Ι)
520 4639 605 4694 Plura
624 4639 659 4695 de
677 4640 732 4695 hoo
751 4640 954 4711 epigrammate
973 4643 1044 4697 dixit
1060 4642 1225 4710 Buecheler,
1243 4641 1295 4696 Rh.
1315 4642 1385 4696 htus.
1405 4642 1460 4697 Xll
1478 4657 1506 4709 p.
1526 4644 1586 4698 248.

481 4728 501 4794 8)
522 4724 562 4779 of.
581 4727 724 4781 Hermann
742 4728 859 4797 Usener,
878 4728 1092 4799 Gotternamen‚
1110 4731 1191 4785 Bonn
1214 4734 1289 4797 1896,
1307 4746 1336 4797 p.
1356 4733 1416 4787 313.
