3717 5434
847 564 888 631 29

281 737 473 802 Dinomenis
497 734 553 800 lilii
575 736 715 819 Apollini
738 735 896 821 Delphico
920 735 1153 804 dedicaverunt
1163 734 1199 822 1),
1221 739 1274 803 Pr.
1288 738 1330 803 83
1351 768 1391 793 =
1412 740 1449 803 A.

280 840 318 903 P.
334 839 380 905 VI
397 839 460 904 214
476 837 740 925 („Simonidis“):
765 838 850 921 (θημλ
868 838 891 901 Γ
893 838 994 915 sind,
1005 837 1143 922 Ἵέριανα,
1161 838 1349 923 Πολύζηλον,
1369 839 1450 925 Θρα-

281 941 444 1027 σύβουλον,
468 942 578 1011 παῖδας
602 939 814 1025 Δεινομένευς,
837 942 885 1004 τὸν
909 942 1024 1027 τρίποδ’
1041 942 1216 1026 ἀνθέμενοι.
1261 944 1339 1012 Post
1362 944 1449 1010 illum

279 1044 408 1109 titulum
431 1044 524 1111 vides
551 1044 636 1111 hane
663 1045 753 1110 verbi
782 1045 918 1111 formam
947 1048 981 1110 in
1003 1047 1238 1131 epigrammate
1262 1049 1383 1113 saeouli
1406 1051 1450 1115 IV

280 1170 310 1215 a.
325 1148 399 1213 Chr.
418 1170 449 1213 n.
471 1148 558 1232 quod
579 1150 643 1214 iam
662 1168 760 1234 supra
777 1150 869 1215 attuli
886 1148 953 1235 (Pr.
968 1148 1035 1236 88).
1070 1150 1209 1215 Saeculo
1224 1152 1273 1216 Ill
1289 1172 1318 1217 a.
1333 1151 1406 1218 Chr.
1419 1174 1450 1219 n.

280 1254 410 1338 saepius
434 1251 517 1317 haee
541 1252 644 1319 forma
667 1255 814 1319 ooourrit.
861 1252 909 1319 of.
926 1253 1086 1339 Lycophr.
1102 1253 1195 1319 Alex.
1214 1255 1310 1321 1259:
1339 1255 1375 1338 ἧς
1399 1259 1451 1321 καὶ

278 1356 367 1419 πόλει
383 1356 526 1439 δείκηλον
538 1355 666 1441 ἀνθήσει
682 1358 738 1448 μιᾷ
750 1358 859 1440 χαλκῷ
871 1358 1013 1425 τοπώσας
1030 1358 1080 1420 καλ
1092 1356 1205 1419 τέκνων
1220 1357 1448 1443 γλαγοτμδφων.

278 1457 404 1523 Eodem
427 1479 541 1527 versus
568 1458 638 1525 loeo
667 1458 754 1544 apud
776 1459 880 1544 Apoll.
896 1459 1001 1526 Rhod.
1016 1461 1125 1544 Arg.l
1150 1460 1247 1525 1237:
1276 1460 1366 1524 Λαιδν
1395 1462 1450 1544 μὲν

276 1560 471 1645 καθύπερθεν
494 1563 542 1627 ἐπ’
558 1561 690 1647 αὐχένος
713 1562 823 1627 ἄνθετο
846 1566 956 1648 πῆχυν.

342 1667 553 1751 Partioipium
582 1666 668 1734 illius
694 1667 785 1733 verbi
812 1669 845 1732 in
872 1667 1061 1734 hexametro
1088 1669 1218 1735 ineunte
1245 1669 1339 1737 vides
1361 1670 1449 1756 apud

275 1769 384 1854 Apoll.
401 1770 504 1835 Rhod.
525 1770 601 1853 Arg.
618 1770 651 1834 ΙΙ
670 1768 761 1857 1060,
785 1770 906 1835 ibidem
932 1770 1003 1837 189.
1030 1771 1121 1839 1386.
1148 1772 1239 1839 1770.
1284 1774 1321 1838 In
1346 1775 1448 1840 altero

275 1873 460 1939 hexametri
482 1872 566 1959 pede
588 1874 664 1957 Arg.
683 1874 727 1939 IV
746 1874 838 1939 1376.

342 1978 452 2061 Nune,
485 1979 638 2060 quoniam
672 1979 823 2062 exempla
859 1978 946 2045 illius
979 1978 1137 2044 formulae
1172 1979 1331 2045 exhausta
1363 1987 1447 2067 sunt,

276 2100 466 2167 pergamus,
495 2082 522 2146 si
544 2081 663 2166 plaeet,
692 2080 734 2147 ad
764 2101 803 2146 ea
831 2084 1078 2167 epigrammata,
1106 2084 1139 2147 in
1166 2083 1282 2167 quibus
1310 2085 1447 2151 similem

276 2182 495 2250 dedicationis
518 2184 805 2251 conformationem
828 2184 996 2251 habemus.

311 2287 358 2341 Pr.
372 2290 405 2344 86
418 2289 504 2355 (saeo.
514 2288 574 2357 Va)
592 2288 699 2354 Δελφοί
710 2306 743 2358 με
756 2288 866 2341 στᾶσαν.
896 2287 930 2342 A.
943 2288 1021 2342 Plan.
1035 2289 1089 2345 111
1103 2289 1355 2359 (Hermocreontis)
1374 2288 1447 2345 ἔνθα

366 2391 399 2442 με
417 2370 579 2443 Νικαγόρας
596 2416 602 2429 .
617 2416 643 2429 ..
663 2374 763 2429 εἴσατο.
799 2374 834 2427 A.
847 2375 925 2429 Plan.
938 2376 978 2431 IV
991 2379 1042 2432 258
1061 2375 1171 2443 (incerti
1190 2377 1326 2446 auctoris)
1348 2395 1382 2446 με
1399 2418 1405 2431 .
1420 2412 1446 2431 .-

365 2456 380 2515 d
399 2456 477 2530 Κρὴς
489 2501 495 2513 .
509 2502 515 2515 .
529 2501 535 2514 .
548 2458 667 2531 ἔστησεν.
703 2461 757 2516 Kb.
771 2464 822 2519 813
840 2462 939 2530 (aetat.
956 2462 1048 2530 Rom.)
1067 2456 1188 2532 Ἑρμῆν.
1202 2504 1208 2517 .
1222 2464 1313 2533 ,θῆκέ
1331 2482 1364 2533 με
1381 2466 1447 2536 τῇδε

365 2542 466 2610 ἐσθλὸς
488 2542 567 2617 ἀνήρ.
602 2547 637 2602 A.
648 2549 681 2603 P.
692 2549 731 2605 Vl
745 2552 795 2605 107
813 2547 956 2618 (Philippi)
977 2543 1136 2620 ε’λ”ληοαόνιιμ
1159 2568 1193 2617 με
1211 2550 1284 2604 Huni
1309 2546 1447 2620 θηρευτὴς

365 2633 458 2689 Γέλων
476 2632 589 2703 ἔθηαεῒ)
608 2630 713 2706 λόγχην.

342 2740 372 2805 3.
395 2740 579 2807 Tritissima
601 2746 720 2826 antem,
744 2745 779 2806 ut
794 2742 994 2826 propositum
1017 2743 1122 2826 ipsum
1144 2762 1332 2827 persequar,
1355 2741 1444 2808 dedi-

275 2843 373 2910 oandi
397 2843 501 2911 forma
524 2851 682 2931 oonoepta
705 2852 755 2911 est
776 2845 827 2911 his
850 2843 926 2911 doni
949 2842 1090 2911 dedioati
1110 2846 1234 2912 verbis:
1257 2846 1333 2930 broi
1357 2846 1445 2909 ἀνά-

274 2969 404 3029 κειμαι
428 2947 602 3031 ἀνάθημα
629 2948 683 3014 vel
710 2948 878 3032 similibus,
906 2967 1004 3031 quam
1028 2948 1198 3015 lormulam
1226 2970 1266 3015 ex
1294 2969 1444 3033 eaquae

275 3049 442 3116 anteeedit
469 3051 574 3118 forma
601 3057 706 3118 ortam
728 3072 801 3117 esse
823 3071 887 3117 non
911 3050 1070 3135 estquod
1092 3052 1236 3137 pluribus
1259 3052 1366 3119 verbis
1390 3072 1444 3117 ex-

275 3153 442 3237 plicemus.
487 3156 579 3222 Haee
602 3164 675 3222 sunt
697 3154 863 3242 exempla:

309 3256 355 3311 Pr.
369 3259 403 3313 60
421 3257 506 3325 (aueo.
519 3258 592 3327 lVa)
610 3252 742 3327 Maripar'
754 3253 935 3319 Ἀπολλωνίας
954 3252 1135 3325 ἄνααελμιθα.
1173 3255 1268 3311 Simile
1287 3257 1443 3325 exemplum

362 3342 466 3402 habet:
485 3346 531 3398 Pr.
546 3349 594 3403 146
614 3346 648 3414 (ο.
661 3349 714 3403 400
733 3360 757 3399 a.
768 3343 832 3399 Chr.
844 3345 883 3413 n.)
897 3338 944 3397 Ἐν
956 3383 962 3396 .
976 3383 983 3397 .
997 3382 1003 3396 .
1016 3341 1120 3410 τεμένει
1137 3338 1224 3406 Διὸς.
1239 3383 1245 3396 .
1261 3385 1263 3392 .
1280 3341 1389 3412 ἕστηκα.

340 3448 458 3516 Cetera
474 3469 557 3533 quae
580 3450 673 3515 huius
687 3452 817 3534 generis
840 3451 949 3514 inveni
965 3449 1114 3533 exempla
1129 3448 1213 3513 inter
1228 3468 1263 3514 se
1279 3448 1443 3515 simillima

276 3558 350 3617 sunt
372 3558 457 3619 arte
473 3552 639 3636 quadam
661 3553 989 3619 conformationis
1012 3551 1256 3637 temporibus
1278 3554 1442 3637 posteri-

275 3656 412 3721 oribus
447 3658 589 3723 striote
623 3656 843 3723 observata.
905 3656 1005 3739 Nam,
1039 3656 1067 3719 si
1097 3654 1236 3721 donum
1269 3658 1301 3719 in
1330 3674 1443 3721 versus

275 3756 394 3823 initio
415 3760 555 3843 positum
579 3766 638 3845 est,
667 3760 827 3825 verbum
854 3760 1023 3823 inversus
1051 3760 1160 3824 exitu
1189 3759 1282 3825 nohis
1305 3761 1442 3824 ooeurrit

276 3865 308 3925 et
329 3863 400 3927 vioe
423 3881 527 3927 versa.
565 3861 688 3929 Videas
710 3864 822 3946 igitur:

308 3962 343 4017 A.
355 3964 388 4017 P.
399 3963 439 4020 Vl
451 3966 502 4021 124
521 3965 695 4035 (Hegesippi)

357 4044 447 4112 'Aonie
459 4090 466 4103 .
480 4090 486 4102 .
500 4093 506 4105 .
519 4040 587 4120 ἧμαι

359 4137 420 4190 ouri
437 4131 591 4206 δπωροφλα
608 4135 763 4201 Παλλάδος.

308 4222 347 4277 Vl
359 4226 411 4281 264
428 4223 612 4293 (Mnasaloae)

359 4308 447 4374 Ἆοπλς
460 4351 466 4364 .
480 4352 487 4367 .
501 4352 507 4365 .
521 4305 570 4366 ἅδε

359 4397 451 4465 δῶρον
465 4394 609 4454 Ἀπόλλωνι
622 4440 628 4452 .
642 4439 648 4451 .
663 4439 668 4451 .
681 4396 804 4467 δέδεμαι.

279 4519 476 4530 ——-.—

343 4585 364 4650 ¹)
384 4582 427 4639 Cf.
445 4585 492 4639 Pr.
511 4584 548 4641 ad
567 4586 610 4641 tit
629 4585 751 4642 dedicat.
769 4591 810 4646 83.

342 4670 424 4736 1)Ι)ο
443 4671 487 4726 his
506 4672 655 4728 dedicandi
673 4673 770 4729 verbis
789 4672 922 4729 adhibitis
942 4676 977 4730 ol.
995 4674 1130 4743 Reinaeh,
1147 4691 1174 4743 p.
1193 4677 1253 4732 381.
