3717 5434
287 1542 431 1647 Iopioa
458 1543 790 1645 epigrammatum
816 1540 1157 1623 dedicatoriorum
1183 1538 1434 1622 Graecorum.

342 1798 466 1881 Topica
489 1800 758 1882 epigrammatum
781 1795 1052 1862 dedicatoriorum
1069 1795 1266 1861 Graecorum
1289 1792 1372 1857 adeo
1390 1791 1447 1856 ad·

279 1902 341 1966 huc
363 1902 513 1984 neglecta
540 1901 702 1984 iacebant,
730 1906 764 1965 ut
786 1900 951 1983 Birtius1),
979 1902 1032 1982 qui
1062 1898 1179 1966 Catulli
1209 1915 1340 1961 carmen
1366 1897 1387 1960 4
1415 1897 1449 1959 in

279 2007 548 2088 epigrammatum
565 2003 837 2070 dedicatoriorum
853 2002 1050 2068 Graecorum
1067 2001 1195 2066 modurn
1215 1999 1448 2066 conlormatum

279 2126 352 2173 osse
378 2127 480 2192 nuper
509 2107 756 2189 demonstravit,
790 2109 912 2191 primus
947 2106 1116 2171 nonnullos
1147 2106 1236 2171 locos
1263 2102 1450 2170 communes

278 2210 449 2294 collegisse
475 2210 633 2277 videatur.
685 2211 769 2275 Nam
798 2211 851 2292 qui
880 2211 1067 2293 praeierunt
1101 2228 1206 2292 pauca
1240 2206 1280 2272 de
1314 2206 1450 2289 singulis

278 2312 455 2381 dedicandi
486 2314 665 2379 rationibus
700 2314 899 2395 argumentis
933 2312 1044 2378 formis
1082 2312 1283 2395 protulerunt
1320 2308 1449 2393 Raisch‚

279 2416 488 2482 Griechische
510 2414 826 2501 Weihgesohenke2)
863 2423 894 2481 et
924 2413 1122 2498 Duammler,
1150 2416 1220 2479 Das
1248 2411 1450 2496 griechische

278 2518 553 2603 Weihgeschenk,
575 2520 627 2584 Kl.
651 2518 816 2584 Schriften
839 2520 871 2583 II
895 2515 1020 2603 (1901).

345 2621 417 2698 Qua
439 2621 480 2686 de
497 2642 597 2688 causa
612 2625 644 2687 in
660 2624 897 2706 epigrammata
914 2619 1116 2686 dedicatoria
1131 2621 1292 2702 inquirere
1308 2619 1451 2685 conabor

277 2726 336 2807 lta,
368 2730 414 2805 ut,
448 2724 564 2807 quibus
597 2724 708 2791 formis
741 2724 829 2809 apud
863 2730 979 2808 poetas
1006 2722 1150 2788 Graecos
1179 2724 1450 2806 epigrammatum

278 2826 381 2891 verba
403 2834 560 2911 concepta
584 2831 657 2911 sint,
681 2846 870 2911 cognoscas.

344 2928 513 2994 instituam
535 2950 603 2995 rern
626 2934 672 2997 ita
694 2937 729 2995 ut
752 2933 889 3015 primum
912 2929 1042 3013 quidem
1065 2930 1235 3013 inquiram,
1258 2927 1449 3011 quomodo

276 3032 312 3095 is
336 3034 397 3112 qui
422 3030 582 3097 dedicat
605 3033 872 3117 significetur,
896 3033 1014 3099 deinde
1030 3032 1127 3099 deus
1149 3034 1210 3099 cui
1226 3031 1450 3114 dedicatur,

278 3133 374 3197 tertio
411 3131 615 3200 dedicatio
649 3138 750 3220 ipsa,
794 3135 1011 3222 donarium,
1056 3135 1195 3219 denique
1233 3133 1449 3200 dedicandi
1567 3142 1574 3151 ’

279 3254 411 3300 causa.

343 3338 519 3435 Praeterea
547 3361 743 3424 quamquam
772 3342 944 3407 latinorum
973 3342 1148 3407 carminum
1179 3340 1450 3407 dedicatoriorum

278 3439 379 3505 multo
402 3444 558 3509 minorem
580 3464 747 3510 numerum
770 3451 933 3510 servatum
957 3445 1114 3510 habemus
1131 3464 1228 3527 quarn
1250 3463 1450 3527 graecorum,

277 3563 342 3608 non
372 3545 431 3610 abs
463 3566 497 3610 re
527 3547 603 3611 mihi
632 3548 804 3614 videbatur
837 3548 1020 3631 ostendere,
1054 3548 1268 3612 nonnullas
1301 3547 1450 3613 formas

277 3649 398 3712 etiam
414 3668 433 3712 a
449 3650 637 3717 Romanis
658 3656 843 3735 receptas
866 3656 903 3715 et
926 3650 1129 3715 adhibitas
1153 3669 1247 3715 esse.
1282 3650 1450 3716 Postremo

276 3748 428 3833 denique,
452 3772 525 3817 cum
542 3754 579 3828 in
603 3757 839 3838 epigrammata
854 3753 982 3819 Graeca
1005 3755 1187 3846 accuratius
1210 3754 1294 3818 inter
1314 3772 1348 3818 se
1366 3773 1450 3818 com-

276 3852 430 3937 paranda
451 3875 573 3938 paucos
597 3855 702 3921 adhuc
726 3876 859 3941 operam
883 3856 1088 3939 studiumque
1112 3854 1286 3920 contulisse
1309 3856 1450 3939 videam,

277 3975 344 4020 non
374 3976 486 4023 vereor
508 3979 549 4025 na
583 3965 658 4026 acta
694 3979 792 4043 agere
821 3960 945 4047 videar,
980 3980 1051 4025 curn
1080 3960 1251 4025 occasione
1281 3958 1360 4023 data
1395 3978 1450 4023 ex-

274 4079 428 4145 posuero,
473 4063 666 4144 quomodo
710 4065 1038 4147 epigrammatum
1083 4064 1305 4146 scriptores
1349 4062 1451 4127 alter

275 4162 447 4227 alterum
470 4166 619 4231 imitati
643 4166 764 4249 sinti).

348 4367 370 4433 ¹)
389 4365 562 4437 Philologus,
580 4369 632 4423 Bd.
653 4374 696 4438 63,
713 4370 830 4438 Leipzig
847 4373 924 4437 1904,
943 4385 971 4437 p.
990 4371 1042 4426 453
1061 4384 1101 4437 sq.

347 4452 491 4518 ⁹)Abhdl.
517 4455 567 4509 des
591 4455 782 4523 Archaeolog.
801 4457 888 4526 epigr.
909 4454 1069 4510 Seminares
1092 4454 1143 4509 der
1165 4454 1342 4509 Universitat
1359 4454 1450 4520 Wieu,

290 4540 302 4555 '
323 4539 347 4575 ¹*
366 4539 443 4609 VIII,
461 4542 543 4596 Wien
565 4546 640 4601 1890.

346 4628 369 4692 ⁸)
392 4627 453 4682 llos
472 4628 558 4683 libros
576 4632 773 4698 perscrutatus
794 4646 866 4684 sum:
894 4630 1108 4699 Epigrammata
1126 4628 1237 4683 Graeca
1256 4642 1290 4682 ex
1308 4625 1450 4695 lapidibus

275 4712 411 4767 conlecta
434 4714 478 4769 ed.
498 4715 902 4784 aKaibelio‚Ber0uni1878
925 4715 1011 4783 (Ru),
1035 4732 1117 4784 quern
1135 4714 1235 4768 librum
1255 4714 1385 4782 supplevi
1403 4728 1450 4767 ex:

1233 4806 1244 4853 l
