3717 5434
991 570 1036 635 dl

496 745 603 811 Aliam
631 743 707 811 huic
734 744 873 810 vicinam
901 742 1039 810 formam
1067 742 1151 810 vidi:
1184 744 1281 810 Doss.
1302 743 1388 810 4318
1418 764 1463 811 ex
1486 764 1605 829 prae-

432 855 546 935 cepto
569 849 593 913 1.
617 869 645 913 o.
670 868 712 914 m.
734 848 776 913 D.
793 896 800 913 .
818 898 825 912 .
843 896 849 911 .
866 846 1072 914 simulacrum
1088 846 1248 933 Apollinis
1270 852 1462 913 statuemnt.
1505 847 1605 913 Adde

432 954 528 1019 insor.
553 948 662 1035 (Dess.
679 949 779 1037 3503)
802 952 835 1015 in
858 970 923 1035 qna
944 950 1029 1016 hanc
1052 947 1268 1017 dedicationis
1290 970 1424 1017 causam
1447 951 1605 1037 duplici

432 1054 546 1122 modo
567 1056 693 1121 invenis
716 1054 934 1138 significatam
956 1054 1008 1119 his
1029 1054 1158 1120 verbis:⁴
1176 1074 1224 1119 ex
1246 1056 1334 1121 visu
1357 1057 1474 1121 iussu.

498 1158 663 1224 Somnium
699 1178 734 1224 re
760 1178 839 1224 vera
865 1156 1040 1224 dedicandi
1067 1177 1201 1224 cansam
1228 1157 1315 1242 apud
1344 1165 1473 1225 veteres
1500 1158 1605 1224 luisse

432 1260 520 1328 haud
548 1264 693 1346 ignotum
722 1268 772 1329 est
780 1260 816 1346 1).
867 1262 956 1327 Satis
982 1267 1091 1327 autem
1118 1282 1191 1327 mea
1217 1260 1347 1345 quidem
1378 1264 1539 1329 sententia
1567 1262 1604 1327 id

432 1366 672 1433 demonstratur
694 1366 929 1451 epigrammate
953 1364 1030 1446 (Kb.
1047 1364 1136 1452 802),
1160 1368 1272 1449 inquo
1296 1364 1338 1431 ad
1356 1367 1604 1435 usitatissimam

431 1470 520 1535 illam
549 1467 764 1535 dedicationis
792 1488 924 1535 oausam
954 1466 1108 1534 alluditur
1135 1471 1191 1554 ita,
1220 1474 1254 1533 ut
1283 1468 1311 1535 is
1333 1471 1387 1553 qui
1411 1468 1542 1535 dedicat
1564 1488 1605 1534 se

432 1593 505 1639 non
534 1572 684 1639 somnio
710 1571 753 1637 ad
783 1569 1001 1638 dedicandum
1028 1579 1150 1638 motum
1173 1592 1246 1638 esse
1269 1572 1446 1639 confirmet.
1491 1572 1605 1638 Verba

432 1682 506 1742 sunt
528 1674 627 1741 haec:

465 1780 558 1848 δῶρον
570 1774 691 1848 ‘Troicos
708 1777 841 1847 ἔιε[υξε]ν
860 1779 987 1833 ...πᾶσι
1004 1773 1057 1847 γὰρ
1077 1776 1120 1845 [ἐν
1138 1778 1286 1847 rsullsoosr
1310 1774 1385 1848 ἐμοῖς
1407 1774 1606 1847 &comprobo

518 1862 637 1934 ἐπέστης,
656 1859 708 1921 οὐκ
726 1860 805 1934 ὄναρ,
825 1858 892 1920 itti
909 1864 1011 1936 μέσους
1027 1860 1132 1935 ἤματος
1150 1860 1223 1935 ἀμφὶ
1241 1859 1372 1935 δρόμους.

495 1971 710 2040 Nihilominus
743 1990 865 2054 negare
898 1972 997 2036 nolim
1022 1971 1106 2038 tales
1133 1972 1275 2037 visiones
1303 1972 1515 2056 vigilantibus
1544 1974 1603 2040 ho·
1632 1998 1635 2003 ·

432 2075 572 2141 minibus
595 2074 724 2141 oblatas
745 2073 833 2140 haud
855 2076 902 2140 ita
925 2076 1058 2140 multum
1081 2074 1213 2141 differre
1236 2096 1256 2140 a
1279 2074 1455 2161 somniis2).

495 2178 565 2243 Hoc
581 2178 651 2244 loco
667 2198 731 2244 non
745 2180 890 2263 ineptum
902 2177 1065 2244 videbitur
1080 2177 1197 2244 afferre
1214 2182 1415 2265 epigramma
1431 2178 1507 2265 (Kb.
1520 2179 1602 2267 839)

431 2280 546 2365 (astat.
561 2279 668 2364 Rom)
693 2281 802 2351 Δοιούς
826 2304 874 2344 ooo
891 2281 1045 2367 Διόδωρος
1068 2282 1216 2365 ἐθήκατο,
1234 2280 1348 2366 Σῶτερ,
1364 2279 1518 2366 Ὀνείρους
1534 2284 1602 2347 ἀντὶ

430 2385 543 2447 διπλῶν
571 2383 681 2459 ὅσσων,
710 2384 811 2468 φωτὸς
841 2384 1063 2468 ἑπαυράμενος.
1113 2384 1276 2452 Diodorus
1302 2388 1428 2453 somnia
1449 2389 1521 2471 ipsa
1544 2386 1601 2453 de-

431 2484 530 2572 dicat,
564 2490 641 2571 quia
677 2488 839 2554 oculorum
873 2486 1093 2553 valetudinem
1122 2509 1180 2574 per
1209 2491 1366 2555 somnium
1393 2492 1601 2575 reparavisse

429 2589 558 2657 videtur
579 2590 734 2678 (Kaibel).

971 2710 1053 2800 ss.

494 2832 746 2917 Progrediamur
766 2853 851 2899 nnnc
874 2832 918 2898 ad
940 2832 1044 2899 locum
1069 2853 1280 2919 communem,
1309 2836 1373 2919 qui,
1403 2854 1596 2919 quamquam

430 2940 463 3002 iu
486 2939 731 3021 epigrammatis
754 2957 774 3001 a
796 2937 958 3003 saeculo
981 2938 1038 3001 ΙΙΙ
1062 2936 1212 3002 demum
1235 2960 1265 3003 a.
1282 2937 1364 3003 Chr.
1382 2959 1413 3003 n.
1435 2939 1599 3023 legitur,
1658 3016 1664 3027 ἱ

431 3046 540 3106 tamen
561 3041 851 3107 usitatissimus
874 3043 984 3105 vocari
1004 3045 1122 3123 potest.
1167 3041 1228 3106 Hic
1252 3046 1359 3106 autem
1382 3047 1448 3107 est:
1472 3042 1512 3107 Is
1534 3044 1599 3124 qui

430 3141 595 3208 dedicat
609 3145 647 3208 in
663 3144 957 3227 epigrammatis
973 3145 1084 3209 exitu
1103 3142 1212 3209 aliud
1227 3143 1365 3211 donum
1381 3142 1452 3210 deo
1472 3152 1599 3212 vovet.
1708 3133 1709 3170 ³

430 3245 502 3323 Qua
517 3248 549 3311 in
565 3266 601 3312 re
616 3248 756 3313 maxime
773 3246 993 3313 adnotandum
1014 3266 1086 3313 esse
1101 3252 1188 3333 puto,
1212 3267 1316 3332 paene
1332 3266 1462 3313 omnes
1483 3247 1600 3315 huius
1708 3233 1709 3240 ἵ

429 3352 589 3434 generis
625 3349 734 3416 locos
777 3356 1020 3416 structuram
1061 3349 1379 3416 condicionalem
1421 3370 1516 3436 prae
1555 3371 1598 3417 se

429 3454 543 3519 ferre.
590 3454 780 3535 Priusquam
810 3458 918 3520 autem
946 3454 1073 3537 singula
1100 3472 1184 3537 quae
1211 3456 1319 3519 inveni
1349 3454 1500 3539 exempla
1526 3475 1599 3539 pro·
1707 3497 1708 3530 3

429 3556 532 3623 leram
547 3558 580 3621 in
595 3554 747 3641 medium,
769 3556 855 3622 uude
878 3557 960 3623 haec
975 3559 1041 3624 voti
1061 3556 1274 3623 ooulormatio
1290 3556 1417 3622 duxerit
1441 3559 1598 3641 originem

429 3659 649 3743 quaerendum
682 3660 758 3726 mihi
792 3660 928 3726 videtur.
983 3659 1055 3738 Qua
1088 3662 1121 3724 in
1154 3663 1344 3743 quaestione
1377 3659 1535 3726 solvenda
1565 3667 1599 3726 et

429 3766 597 3829 materiam
609 3764 759 3848 ipsamet
771 3765 839 3829 eius
853 3762 1599 3849 conformationempoetasAlexandrinos
1706 3761 1707 3812 i

428 3888 504 3934 non
537 3867 744 3932 iuvenisse
777 3868 940 3951 primos,
974 3867 1033 3933 sed
1062 3888 1101 3933 ex
1132 3868 1273 3949 antiquis
1301 3867 1497 3933 Graecorum
1526 3888 1598 3952 pre·

428 3971 609 4037 nationibus
637 3972 800 4055 recepisse
828 3972 894 4035 iam
922 3969 1161 4037 demonstrabo.
1212 3971 1316 4036 Donis
1346 3973 1491 4056 acceptis
1518 3969 1600 4038 deos

428 4081 463 4140 ut
486 4074 631 4141 favorem
654 4074 837 4140 hominibus
861 4073 938 4139 dent
961 4076 1030 4140 iuro
1054 4074 1194 4157 quodam
1224 4075 1386 4157 obligatos
1415 4086 1487 4140 osse
1515 4076 1598 4155 anti·
1705 4077 1706 4094 ¹

428 4180 584 4261 quissima
607 4178 804 4243 Graecorum
827 4179 988 4243 sententia
1011 4184 1070 4242 est.
1115 4178 1219 4242 Donis
1248 4177 1417 4261 promissis
1439 4177 1491 4242 vel
1513 4179 1599 4243 votis

427 4290 542 4367 postea
576 4280 740 4347 solvendis
773 4279 852 4347 deos
884 4282 917 4345 in
950 4281 1191 4366 precationibus
1220 4282 1361 4363 antiquis
1395 4285 1429 4344 ut
1463 4279 1597 4346 homini·
1704 4275 1705 4298 ³

427 4386 488 4452 bus
522 4390 691 4451 sucurrant
729 4383 814 4449 allici
853 4386 1005 4469 cognovit
1044 4382 1265 4469 exemplisque
1306 4385 1386 4450 satis
1423 4382 1598 4449 illustravit

428 4524 631 4535 ——-

497 4590 519 4658 1)
538 4587 574 4643 of.
592 4586 802 4657 Dittonberger‚
822 4586 860 4641 ad
878 4586 920 4641 tit.
940 4592 1000 4655 786,
1018 4588 1146 4643 adnotat
1169 4592 1189 4643 1.

496 4676 517 4741 ⁹)
538 4673 572 4727 ol.
592 4673 755 4728 Ludovious
773 4672 916 4741 Deubner,
935 4674 979 4727 De
997 4673 1178 4730 incubatione
1197 4674 1282 4743 (Lips.
1304 4676 1391 4742 1900),
1410 4689 1437 4742 p.
1456 4680 1481 4733 5.
