3717 5434
1004 572 1047 638 52

438 741 524 809 dona
553 741 745 812 dedicantur
774 764 795 811 a
821 744 1038 830 piscatoribus
1067 750 1100 809 et
1121 744 1341 828 venatoribus,
1369 763 1451 827 qnos
1476 744 1608 828 quidem

436 848 576 913 maxime
599 846 794 914 offendimus
821 847 854 913 in
876 846 941 913 iilis
963 846 1217 934 epigrammatis,
1243 848 1277 913 in
1300 848 1417 931 quibus
1445 853 1511 915 tres
1533 869 1608 934 per-

436 970 536 1017 sonae
559 949 749 1017 dedicantes
771 949 974 1017 inducuntur.

500 1072 536 1138 O.
567 1072 704 1138 Habetis
733 1072 774 1139 de
797 1071 922 1140 donarii
950 1070 1243 1155 significationibus
1264 1070 1342 1155 qnid
1365 1072 1521 1158 sentiam3
1553 1092 1608 1138 ex·
1718 1151 1719 1154 ρ

435 1175 564 1260 piioabo
598 1178 707 1260 ctiam,
744 1183 780 1241 ut
812 1182 885 1243 erat
916 1178 1126 1262 propositum,
1166 1173 1489 1259 quemadmodum
1524 1176 1607 1262 epi-

434 1286 688 1362 grammatum
711 1286 894 1347 auctores
916 1277 1211 1365 descripserint
1233 1278 1440 1346 donarium
1467 1279 1607 1366 ipsum.

434 1382 610 1451 Maximam
647 1386 732 1449 enim
769 1390 886 1469 poetae
924 1382 1192 1469 epigrammatioi,
1230 1388 1266 1448 ut
1303 1382 1477 1468 pretium
1515 1383 1608 1449 doni

435 1486 611 1553 dedicati
628 1486 768 1570 quodam
784 1486 879 1553 modo
895 1487 1123 1572 exprimerent,
1145 1506 1278 1571 operam
1301 1485 1473 1552 dederunt.
1511 1485 1608 1564 Quod
1718 1577 1719 1580 Ἴ

434 1589 564 1673 quidem
586 1592 692 1676 ipsum
716 1589 911 1675 duplicem
934 1593 967 1655 in
991 1588 1121 1657 modum
1144 1588 1266 1658 iactum
1289 1595 1356 1656 cst:

469 1694 496 1757 l.
520 1692 725 1760 donarium
748 1692 943 1761 laudatur.

442 1866 445 1873 ,
467 1797 495 1861 2.
520 1817 681 1882 parvum
705 1796 798 1863 doni
820 1799 993 1883 pretium
1015 1795 1225 1862 indicatur.

501 1921 528 1983 l.
544 1919 688 1985 Plurima
700 1924 773 1983 sunt
785 1920 1117 2003 epigrammataquae
1130 1918 1330 2002 egregiam
1342 1915 1434 1982 doni
1450 1916 1609 1983 laudem

432 2020 634 2107 praebent).
681 2021 854 2088 Conieras:

467 2124 499 2177 A.
513 2124 544 2177 Ρ.
557 2123 597 2179 VI
617 2127 666 2181 142
685 2124 930 2191 („Auacrcontis“)
954 2117 1019 2177 Σάυ
1038 2140 1067 2177 ss
1084 2118 1173 2191 χάριν,
1191 2116 1316 2192 Διόνυσε,
1334 2120 1382 2175 aui
1400 2117 1505 2191 ἇμλαὸυ
1522 2116 1612 2179 dotet·

519 2205 624 2278 κόσμου
642 2203 759 2279 ἀνέθηκ’
778 2252 784 2265 .
803 2252 808 2264 ,
827 2250 833 2262 .
870 2210 903 2263 Α.
921 2210 952 2263 Ρ.
969 2210 1009 2265 VI
1026 2214 1077 2268 260
1095 2207 1192 2275 (Tullii
1210 2207 1331 2278 Gemini)
1354 2204 1530 2280 ζηλούμευου,
1556 2206 1610 2265 or’ra

520 2294 669 2366 ἒπιμεμφὲς
687 2297 786 2364 δώρου.
823 2295 1072 2365 Rb.820(11tere
1091 2311 1166 2350 saec.
1184 2298 1223 2363 p.)
1240 2291 1327 2350 suido
1344 2292 1444 2366 ἔτευξε,
1462 2291 1606 2367 Φιλόρμιε,

518 2385 593 2453 βῆμα
611 2378 741 2453 θεήτρου.
777 2383 831 2441 Kb.
845 2388 894 2443 831
915 2384 951 2453 (il
969 2382 1029 2438 fere
1047 2398 1123 2437 saec.
1140 2384 1180 2452 p.)
1198 2374 1308 2452 ἄγαλμα
1327 2423 1374 2438 ...
1393 2378 1506 2451 ἀμητόν,

395 2496 399 2507 .
496 2473 740 2556 Antiquissimie
774 2474 839 2539 iarn
872 2472 1071 2556 temporibus
1104 2471 1202 2535 etiam
1235 2470 1297 2538 hac
1324 2472 1358 2535 in
1386 2469 1608 2538 dedicationis

432 2575 537 2642 forma
565 2576 752 2643 adhibenda
787 2576 953 2643 formula
983 2575 1145 2658 quaedam
1178 2580 1250 2640 orta
1286 2580 1336 2640 est
1368 2574 1425 2659 ita,
1458 2580 1492 2640 ut
1528 2573 1609 2642 doni
1718 2645 1719 2648 ,

432 2681 627 2764 significatio
642 2700 714 2747 cum
731 2679 893 2747 adiectivo
911 2677 1079 2745 laudatico
1099 2680 1270 2745 coniuncta
1292 2679 1469 2743 ultimum
1491 2683 1608 2745 teneat
1718 2767 1719 2772 ἵ

431 2786 573 2851 versus
595 2785 727 2851 locum.
762 2783 814 2849 Ad
830 2803 926 2867 quam
942 2783 1112 2849 verborum
1128 2781 1373 2849 collocationem
1386 2790 1418 2848 et
1432 2782 1609 2867 aptissima

431 2892 464 2952 et
486 2886 699 2954 usitatissima
725 2886 872 2954 videmus
900 2886 1063 2954 adiectiva
1091 2886 1262 2970 ἀμεμφὲς
1285 2891 1318 2951 ct
1341 2885 1465 2955 καλός.
1510 2886 1608 2954 Haec

430 2990 535 3055 habeo
559 2990 724 3074 exempla:

465 3090 519 3145 Kb.
539 3095 592 3148 740
609 3092 694 3159 (saec.
713 3091 753 3144 VI
771 3095 808 3161 a.)
831 3094 893 3146 Παῖ
907 3087 984 3162 Διός,
996 3086 1154 3161 ’Baptistae
1171 3090 1248 3158 δέξαι
1264 3087 1323 3146 τόδ’
1339 3087 1461 3160 &pauper
1482 3086 1603 3162 ἄναιμα,
1718 3065 1719 3068 ¹

519 3178 573 3233 Kb.
595 3182 646 3237 ’197
674 3180 710 3247 (ΙΙ
733 3179 793 3234 iere
821 3194 895 3235 saec.
919 3183 958 3248 p.)
984 3179 1107 3247 Elmar'pp’
1129 3173 1291 3247 ἀνθρώπων
1313 3172 1493 3248 ’deputanda
1520 3177 1607 3249 ἔργου

449 3330 451 3337 Α
518 3257 692 3334 ἇμεμπυουῑ).
729 3266 763 3321 Α.
778 3267 808 3321 Ρ.
822 3267 905 3325 viar
926 3266 1036 3334 (incerti
1055 3265 1191 3332 auctoris)
1214 3264 1289 3320 Huni
1307 3303 1339 3321 ..
1380 3261 1467 3321 καλὸν
1483 3258 1606 3336 ἄθυρμα
1718 3287 1719 3330 j

535 3347 567 3405 oio
592 3371 604 3406 ε
623 3372 641 3406 α
661 3355 692 3405 ⁸.

495 3355 635 3525 Shepiiris
642 3355 758 3507 hirtam
774 3440 892 3525 legitur
906 3443 1076 3509 verborum
1092 3441 1292 3507 coniunctio:
1315 3441 1426 3504 καλὸν
1442 3442 1604 3526 ἄγαλμα.

495 3545 538 3608 In
561 3543 787 3611 hexametro
802 3552 990 3612 exeunte:
1012 3546 1074 3611 Kb.
1093 3545 1155 3609 743
1170 3545 1269 3628 (saec.
1284 3544 1329 3611 VI
1342 3543 1375 3631 a)
1392 3543 1469 3613 atto
1484 3544 1603 3633 Parui]

429 3644 573 3753 Κρονίδα,
598 3644 683 3735 [Z]ed
698 3645 859 3733 Ὀλύμπιε,
883 3651 976 3714 καλὸν
1000 3648 1133 3733 ἄγαλμα.

429 3770 632 3779 ..n—..—

499 3818 521 3886 1)
550 3817 706 3873 Donatium
732 3818 823 3886 ipsum
855 3819 1019 3888 saepissime
1049 3817 1158 3872 laudari
1185 3818 1241 3873 iam
1268 3821 1335 3872 ante
1363 3833 1407 3873 me
1435 3816 1603 3873 observavit
1718 3883 1719 3886 ρ

428 3905 510 3973 Preg.
525 3903 561 3958 ad
574 3904 617 3959 tit.
630 3908 663 3964 53
675 3921 702 3974 p.
714 3908 762 3976 433
781 3906 855 3960 idem
874 3906 994 3961 contulit
1011 3904 1090 3961 iocos
1109 3904 1184 3973 apud
1202 3906 1317 3960 veteres
1335 3921 1429 3959 rerum
1444 3904 1600 3973 scriptores

431 3994 578 4047 exstantes
597 3992 645 4061 qui
662 3991 735 4047 hunc
754 3993 846 4047 iocum
867 4006 1042 4048 communem
1061 3992 1212 4063 attingunt.

497 4080 518 4147 ²)
537 4078 664 4134 Eandem
683 4080 766 4148 pretii
783 4079 1002 4148 descriptionem
1021 4079 1106 4133 etiam
1124 4078 1200 4147 apud
1212 4081 1313 4148 poetas
1326 4077 1451 4147 tragicos
1464 4078 1599 4133 usitatam

428 4165 532 4220 doceat
554 4164 608 4220 hoo
631 4166 707 4235 quod
729 4165 796 4220 mihi
817 4166 903 4221 liceat
925 4166 1029 4221 afferre
1052 4165 1222 4235 exemplum:
1246 4164 1427 4234 Euripided.
1445 4159 1599 4225 958,οῆοι

428 4252 507 4321 δῶρα
525 4249 633 4323 pepusa&
652 4252 765 4319 δέξεται.

496 4341 519 4409 ⁸)
538 4339 670 4394 Ceterum
688 4338 733 4394 hio
750 4343 837 4409 poeta
856 4356 908 4395 sua
926 4340 1101 4410 deprompsit
1119 4356 1154 4395 ex
1172 4339 1266 4411 hymn.
1277 4338 1352 4395 hom.
1365 4338 1393 4394 in
1406 4340 1491 4395 hiero.
1503 4339 1544 4394 111
1555 4342 1598 4408 32,

427 4426 455 4483 in
482 4443 538 4497 quo
566 4426 685 4482 eandem
712 4425 864 4482 verborum
889 4428 1115 4483 coniunctionem
1140 4426 1295 4496 eodemque
1318 4441 1419 4481 versus
1441 4424 1597 4481 hexametri

427 4514 491 4570 loco
510 4512 612 4569 habes:
640 4509 762 4582 ἀσπασίη
786 4520 972 4583 προφανεῖσα.
999 4510 1092 4570 πόθεν
1109 4508 1181 4581 τόδε,
1199 4510 1285 4567 καλὸν
1301 4506 1426 4582 ἄθυρμα.
1462 4513 1494 4566 In
1512 4511 1597 4568 hexa-

380 4640 384 4646 .
426 4604 517 4656 metro
543 4592 657 4655 ineunte
681 4593 794 4655 exstant
816 4600 887 4657 haec
912 4601 1013 4657 verba:
1040 4601 1135 4672 hymn.
1153 4600 1228 4656 hom.
1246 4600 1274 4654 in
1294 4600 1387 4656 cerer.
1406 4599 1432 4654 V
1453 4603 1485 4656 16
1512 4596 1598 4655 authu

428 4680 543 4757 troppo
562 4686 661 4755 λαβεῖν.
688 4685 753 4757 χάνε
771 4683 802 4743 di
817 4685 900 4761 χθών
919 4684 1076 4757 εὐρυάγυια.
