3717 5434
913 610 1115 709 *ιο-

491 788 622 869 Apollo.
668 782 813 869 Φοίβωι
836 780 1017 868 Ἀγοιιῖῐ).

461 885 515 941 Kb.
528 890 579 945 786
598 883 705 965 (llfere
724 900 799 941 saec.
814 886 867 953 a.);
884 884 989 941 donum
1009 884 1124 953 ponitur
1134 879 1377 952 παρὰπροπάλοι.
1408 884 1538 941 Eandem
1557 888 1607 943 dei
1712 903 1713 906 ¹

513 972 724 1028 invocationem
746 971 849 1027 habes:
877 972 973 1041 Eurip.
991 971 1098 1027 Phoen.
1116 975 1177 1029 661.
1217 969 1381 1027 Pherecrat.
1403 968 1608 1041 Κραπατάλοις

513 1059 548 1113 tr.
560 1064 593 1117 el
612 1058 725 1128 (Koch).
755 1060 842 1116 Arist.
860 1075 941 1129 vesp.
954 1062 1015 1118 875.
1044 1058 1132 1113 Arist.
1149 1056 1263 1115 Thesm.
1282 1063 1344 1117 489.
1372 1058 1522 1115 Demosth.
1535 1062 1606 1117 adv.

515 1145 580 1201 llio.
599 1151 614 1213 6
632 1149 693 1205 631.

490 1256 683 1321 Mercurius.
737 1248 874 1336 Ἑρμᾶν
913 1252 1029 1333 ἀγροῦ
1073 1250 1310 1337 καρποτάκου
1355 1234 1495 1335 ῥύτορα
1537 1256 1605 1317 καὶ

427 1358 599 1421 κτεάνων.
643 1356 789 1422 Α.Ρ1οα.
812 1356 827 1421 Ι
850 1356 885 1420 ll
913 1353 1223 1457 (Hermocreontis);
1251 1352 1303 1420 dei
1333 1356 1443 1439 imago
1470 1358 1605 1440 ponitur
1713 1363 1714 1374 ¹

427 1459 487 1525 suh
514 1459 640 1526 arbore.

495 1562 594 1617 Liceat
613 1562 733 1633 denique
751 1560 886 1617 nonnulla
904 1561 1033 1631 exempla
1052 1560 1164 1629 afferre,
1182 1560 1294 1631 quihus,
1312 1576 1368 1631 quo
1387 1560 1533 1630 epitheton
1552 1562 1603 1617 dei

426 1648 544 1705 consilio
562 1648 718 1703 adhibitum
737 1648 783 1715 sit,
800 1647 959 1703 luculenter
977 1652 1105 1718 apparet,
1124 1664 1188 1703 eum
1207 1649 1235 1703 in
1247 1648 1282 1703 iis
1294 1648 1342 1704 vel
1355 1664 1441 1703 unum
1453 1648 1604 1718 epitheton

367 1808 373 1821 ι
426 1735 530 1804 duplici
548 1736 666 1791 consilio
684 1736 731 1791 vel
751 1736 907 1806 compluria
925 1740 1005 1791 certo
1024 1734 1147 1805 quodam
1166 1735 1285 1791 oonsilio
1302 1735 1400 1804 posita
1416 1736 1486 1791 sint:

462 1840 496 1895 A.
508 1842 540 1895 P.
550 1841 589 1896 Vl
602 1845 636 1899 70
648 1840 817 1909 (Macedouii
831 1838 972 1907 Consulis)
991 1840 1139 1909 Neptunus
1151 1840 1317 1895 invocatur:
1336 1830 1358 1893 ῶ
1371 1835 1478 1894 πόντου
1489 1842 1606 1909 βασιλεῦ

513 1926 561 1982 καί
579 1929 693 1994 κοίρανε
711 1926 798 1996 γαίης.
836 1926 948 1996 Duplex
967 1927 1115 1983 consilium
1134 1942 1199 1981 mea
1216 1926 1329 1997 quidem
1348 1927 1491 1983 sententia
1508 1927 1537 1982 in
1554 1926 1604 1982 his

512 2014 623 2069 duabus
650 2014 841 2069 invocationis
868 2013 999 2081 partibus
1027 2015 1108 2069 inest
1152 2014 1244 2068 Homo
1268 2013 1413 2083 dedicans,
1436 2014 1483 2083 qui
1506 2013 1604 2069 adhuc

513 2107 618 2155 naume
636 2098 732 2155 officio
751 2098 865 2155 iunctus
884 2104 937 2169 est,
958 2115 993 2155 ea
1011 2100 1124 2156 desistit
1141 2116 1173 2155 re
1193 2101 1385 2170 et,ut1naris
1404 2100 1458 2156 deo
1476 2100 1603 2170 gratiam
1715 2157 1716 2166 ¹

511 2185 626 2255 retexat,
644 2202 747 2241 navem
765 2187 856 2253 ipsam
874 2186 997 2255 dedicat,
1016 2191 1047 2241 nt
1059 2190 1154 2242 autem
1166 2187 1211 2242 dei
1224 2186 1355 2243 favorem
1368 2187 1421 2243 sihi
1433 2188 1462 2242 in
1473 2188 1603 2242 loturum
1715 2183 1716 2200 ¹

512 2272 643 2328 conciliet
663 2272 744 2327 addit
761 2272 865 2327 verba:
889 2272 937 2327 sci
960 2272 1075 2341 κοίρανε
1096 2275 1185 2342 γαίης.
1222 2274 1303 2338 Quod
1322 2274 1434 2344 quidem
1454 2274 1547 2329 elucet
1564 2289 1603 2326 ex

511 2359 615 2413 ultimis
634 2359 846 2429 epigrammatis
865 2360 1013 2415 versibus:

594 2443 686 2500 πάντα
705 2447 730 2501 δ’
742 2443 939 2517 ἀπειπάμενος,
958 2445 1059 2517 φόβον,
1078 2446 1200 2515 ἐλπίδας,
1219 2437 1313 2515 οὖρον,
1333 2441 1438 2513 ἀέλλας,

596 2530 694 2589 πιστὸν
710 2531 780 2604 ὑπὲρ
798 2535 879 2603 γαίης
897 2536 983 2604 ἵχνιον
1001 2530 1173 2603 ἡδρασάμην.

461 2637 556 2695 Simile
575 2641 744 2709 exemplum:
762 2638 796 2694 Α.
810 2640 840 2693 Ρ.
853 2640 892 2695 Vl
905 2643 939 2696 44
952 2639 1063 2706 (incerti
1075 2638 1212 2708 auctoris)
1231 2636 1432 2701 Γλευιιωτόταις
1444 2632 1602 2707 Σατάροισι

481 2737 484 2745 ’
513 2725 561 2781 καί
586 2722 795 2797 ιἰμαελοφύτορι
812 2720 925 2796 Βάνχῳς
954 2740 1019 2779 nam
1037 2725 1082 2780 hic
1101 2740 1213 2796 quoquc
1231 2725 1358 2794 epitheta
1373 2727 1415 2782 rei
1434 2725 1600 2782 dedicatae:

511 2811 620 2883 πρῶτης
647 2809 790 2883 δράγματα
817 2812 952 2881 φυταλιῆς
978 2812 1194 2868 accommodata
1220 2819 1294 2868 suut
1338 2812 1513 2881 significatio
1538 2813 1599 2868 dci:

515 2899 608 2954 οίνοτιι
626 2894 733 2971 Βάκχῳ,
753 2915 826 2969 quae
844 2899 871 2953 in
890 2899 1104 2969 epigrammatis
1121 2915 1209 2955 versu
1220 2904 1238 2959 5
1250 2903 1352 2967 exstat,
1370 2897 1430 2953 sine
1444 2898 1504 2953 ulla
1514 2898 1599 2954 dubi·

511 2985 619 3042 tatione
637 2986 734 3041 verbis
752 3001 886 3043 versuum
903 2990 920 3044 3
939 2990 969 3040 et
986 2991 1002 3043 4
1020 2986 1174 3055 respondet
1192 3002 1265 3057 qnae
1283 2991 1361 3042 sunt:

661 3074 780 3142 τρισσῶν
799 3072 954 3127 οἰνοπέδοιο
971 3069 1099 3141 τρισσοῶς
1117 3068 1252 3142 λερῶσατο
1270 3070 1369 3128 τούσδε

664 3154 801 3230 ἐμπλήσας
820 3160 898 3214 οἴνου
916 3154 1105 3229 πρωτοχάτοιο
1123 3154 1264 3226 κάδουςῆ.

458 3246 489 3301 ln
507 3246 540 3301 A.
554 3249 585 3303 Ρ.
597 3248 636 3303 Vl
649 3252 700 3306 258
719 3248 831 3316 (Adaei)
851 3236 872 3299 ῶ
891 3242 1021 3317 Δάματερ
1041 3243 1154 3316 indepte
1170 3246 1317 3316 epitheton
1329 3246 1488 3301 dedicantis
1502 3244 1599 3301 officio

512 3334 756 3389 accommodatum
781 3339 833 3403 cst,
855 3350 920 3389 narn
944 3334 1071 3403 agricola
1095 3333 1217 3389 dedicat.
1257 3329 1398 3402 πολύσωρε
1423 3334 1464 3388 rei
1489 3333 1599 3403 petitae

493 3505 515 3571 ¹)
533 3504 578 3559 De
596 3503 678 3560 huius
697 3504 743 3560 dei
760 3505 947 3561 veneratione
970 3507 1006 3560 ci.
1024 3496 1263 3572 Prelle‘rllobert„
1288 3505 1337 3559 Gr.
1355 3503 1442 3575 llyth.
1461 3505 1474 3559 I
1491 3520 1519 3572 p.
1536 3506 1600 3561 276.

425 3587 666 3653 Quemadmodum
684 3596 715 3645 ut
733 3591 836 3660 Apollo
860 3592 908 3646 illa
931 3608 1005 3647 voce
1025 3590 1232 3661 significaretur
1249 3591 1357 3646 iactum
1376 3592 1414 3645 sit
1432 3590 1537 3659 optime
1554 3590 1599 3643 in-

423 3676 542 3746 tellegas
555 3693 589 3733 ex
601 3678 725 3735 Eustatii
737 3678 834 3735 verbis
853 3678 1065 3747 (Commentarii
1082 3678 1120 3733 ad
1131 3679 1247 3734 Homeri
1259 3678 1375 3733 Iliadem
1389 3679 1411 3746 Ι,
1429 3677 1505 3747 Lips.
1520 3678 1598 3745 1827)

425 3768 485 3835 166,
503 3767 537 3821 23
556 3780 629 3834 quae
648 3770 726 3821 sunt:
752 3763 806 3835 ἔφη
831 3765 861 3820 el
884 3786 924 3829 τις
944 3765 991 3821 καί
1010 3760 1169 3835 ἀγυιάτιδος
1186 3767 1363 3834 θεραπαίνας
1381 3761 1446 3828 τοὺς
1463 3760 1519 3833 πρὸ
1539 3764 1600 3817 τῶν

423 3852 522 3923 θυρῶν
539 3846 663 3923 βωμούς·
678 3850 706 3906 οἳ
722 3847 794 3921 πρὸς
812 3848 893 3922 χάριν
906 3848 1030 3923 Ἀγυιέως
1045 3848 1211 3917 ’Λπόλλωνος
1229 3853 1349 3923 ίδρυντο,
1367 3851 1523 3921 τιμωμένου
1541 3844 1598 3915 πρὸ

421 3938 515 3991 πυλῶν
533 3933 568 3995 ῶς
589 3934 756 4005 cccccccccc.
790 3939 922 3995 Similiter
939 3939 1093 4008 explicavit
1105 3939 1266 3996 Macrobius
1286 3956 1349 3993 cum
1363 3937 1420 3993 Sat
1434 3938 1447 3992 I
1466 3953 1528 4005 cap.
1540 3942 1566 4006 9,
1580 3942 1598 3995 6

424 4023 505 4078 dixit:
530 4024 605 4093 apud
631 4025 757 4081 Graecos
781 4025 884 4095 Apollo
908 4026 1011 4081 colitur
1034 4027 1081 4095 qui
1100 4028 1222 4094 Θυραϊος
1240 4030 1369 4095 necatur,
1394 4024 1511 4094 eiusque
1530 4039 1598 4078 aras

423 4115 489 4166 ante
507 4110 584 4169 iores
603 4129 669 4169 suas
689 4113 842 4183 celebrant,
867 4113 958 4181 ipsum
983 4114 1074 4169 exitus
1099 4118 1129 4168 et
1146 4113 1279 4169 introitus
1299 4112 1526 4168 demonstrantes
1546 4126 1598 4179 po-

384 4206 385 4211 ’
423 4201 538 4253 tentem.
568 4198 646 4254 Idem
659 4201 763 4270 Apollo
783 4200 858 4269 apud
876 4200 989 4261 illosset
1002 4196 1119 4269 Ἀγυιεὺς
1136 4205 1324 4269 nuncupatur,
1342 4198 1424 4269 quasi
1441 4198 1495 4251 uiis
1514 4212 1597 4266 prae-

423 4284 534 4353 positus
553 4285 682 4342 urbanis:
700 4286 740 4342 illi
759 4286 831 4342 enim
849 4287 912 4349 uias
931 4301 1004 4358 quac
1022 4287 1097 4342 intra
1114 4288 1243 4356 pomeria
1255 4291 1321 4342 sunt
1333 4280 1431 4354 ἀραιὰς
1444 4283 1597 4353 appellant.

491 4374 512 4441 ¹)
532 4373 688 4429 Occasione
707 4374 776 4429 data
794 4390 931 4445 magnam,
945 4390 1001 4445 qua
1018 4377 1105 4443 poeta
1123 4374 1251 4444 singulos
1270 4371 1482 4442 epigrammatis
1495 4384 1597 4424 versus

424 4460 584 4528 composuit
602 4465 691 4516 artem
709 4460 808 4529 paucis
827 4467 949 4531 tangere·
965 4478 1022 4517 non
1040 4457 1176 4516 emittam.
1210 4460 1349 4515 Conteras
1367 4458 1453 4513 velim
1466 4460 1598 4514 versus-⁹>

422 4550 452 4600 et
469 4550 485 4604 6
503 4545 596 4616 figura
614 4546 827 4601 allitterationis
845 4553 1012 4603 exornatos:
1213 4545 1216 4551 ’
1279 4551 1282 4558 “

643 4633 760 4700 τρισσῶν
779 4632 934 4688 οίνοττὲδων
951 4629 1079 4701 τρισσσῶς
1098 4629 1234 4704 scodram
1252 4630 1370 4689 τούσδε,
1438 4680 1442 4685 .
1518 4640 1522 4645 ’

642 4717 689 4771 aci
709 4712 858 4789 Σατύροις,
876 4716 1013 4790 Σατάρων
1030 4720 1144 4775 πλείονα
1162 4714 1296 4790 aliptes.
1318 4737 1322 4777 ἴ
