3717 5434
440 774 571 859 quidem
594 774 765 861 contendo,
795 774 969 859 inquibus
995 774 1078 840 hacc
1107 775 1180 859 ipsa
1208 771 1260 839 dei
1288 775 1452 840 invocatio
1479 776 1527 840 ita
1554 774 1609 840 ad·
1715 771 1716 796 ³

439 878 544 944 hibita
565 876 703 963 videtur,
726 884 760 943 ut
782 878 961 964 precationi
984 878 1046 963 ipsi
1070 876 1287 963 antecedat1).
1327 876 1432 955 Quam
1454 877 1609 964 precandi
1715 867 1716 928 i

437 980 607 1048 formulam
632 1001 703 1049 esse
727 982 904 1065 legitimam
928 1001 967 1046 ex
991 980 1042 1047 his
1064 979 1264 1063 intellegitur
1286 980 1459 1066 exemplis:

473 1084 575 1155 Hymu.
603 1082 676 1139 honr.
708 1084 735 1138 in
762 1084 826 1139 hiin.
855 1084 894 1139 xi
922 1089 938 1143 5
972 1086 1071 1151 Χαῖρε,
1102 1077 1168 1151 θεά,
1199 1078 1249 1146 δὸς
1280 1076 1380 1153 δ’ἄμμι
1411 1077 1495 1153 τύχην
1520 1080 1609 1141 εὗδον

524 1172 623 1239 μονίην
639 1189 677 1225 τε.
713 1172 743 1226 ln
765 1170 847 1225 Herc.
861 1170 914 1227 XV
933 1176 949 1228 9
967 1173 1066 1238 Χαῖρε.
1083 1162 1163 1239 ἄναξ,
1181 1166 1248 1232 Διὸς
1266 1167 1317 1239 aie,
1336 1170 1417 1225 δίδου
1433 1166 1568 1241 δ’ἄοετήν
1584 1191 1610 1225 τε

526 1256 573 1311 καλ
592 1250 683 1329 ὄλβον.
720 1259 750 1313 ln
769 1257 862 1327 Apoll.
881 1255 952 1311 XXI
970 1261 986 1315 5
1008 1256 1056 1311 καλ
1079 1252 1114 1311 σὺ
1135 1254 1186 1325 μὲν
1203 1249 1277 1312 οὕτω
1295 1262 1382 1327 χαῖρε,
1399 1251 1480 1327 ἄναξ,
1503 1258 1611 1328 λίτομαι

527 1344 557 1398 δὲ
577 1346 601 1397 ν’
619 1339 709 1417 ἀοιδῇ.
746 1346 816 1399 item
835 1344 863 1399 in
882 1344 964 1413 Nept
983 1343 1065 1399 XXII
1083 1348 1108 1403 h.
1144 1343 1176 1398 Iu
1193 1344 1314 1415 Dionys.
1333 1344 1428 1401 xxvi
1449 1350 1489 1403 li.

503 1449 596 1515 Hunc
630 1451 849 1536 exemplorum
882 1469 1051 1517 numerum
1084 1449 1180 1515 facile
1218 1452 1325 1534 possis
1358 1470 1491 1535 augere,
1532 1452 1612 1518 satis
1715 1487 1716 1492 κ

441 1553 557 1618 multos
580 1557 689 1619 tamen
704 1552 781 1619 mihi
798 1550 910 1619 videor
926 1553 1015 1621 locos
1030 1553 1189 1620 attulisse.
1228 1554 1334 1620 Unum
1349 1560 1475 1620 tantum
1488 1552 1612 1619 addere
1715 1595 1716 1606 .

441 1655 548 1741 liceat,
578 1676 640 1739 quo
670 1658 789 1741 optime
819 1656 1002 1743 intellegas,
1031 1664 1230 1743 quantopere
1258 1663 1377 1743 poetae
1398 1656 1612 1725 Alexandrini
1715 1705 1716 1756 i

440 1765 584 1825 veterum
627 1766 795 1845 poctarum
840 1761 980 1845 vestigia
1022 1761 1214 1847 presserint:
1257 1758 1382 1825 Gallim.
1427 1760 1537 1846 hymn.
1581 1763 1613 1825 in

440 1862 507 1929 Iov.
530 1862 572 1927 94
588 1883 650 1947 sq:

548 1970 637 2049 χαῖρε
660 1967 766 2050 πάτερ,
790 1966 871 2050 χαῖρ’
889 1964 971 2029 alta.
996 1966 1080 2033 δίδου
1104 1967 1131 2029 δ’
1151 1965 1262 2050 ἀρετήν
1285 1967 1311 2027 τ’
1328 1965 1440 2049 ὄφονός
1465 1989 1508 2029 τε.

549 2068 709 2131 ...δίδου
734 2069 760 2131 δ’
777 2068 887 2153 ἀρετήν
911 2090 944 2131 τε
968 2069 1018 2131 καὶ
1042 2066 1144 2155 ὄλβον.

505 2186 576 2265 Quo
599 2208 671 2255 cum
695 2189 764 2255 loco
788 2187 952 2256 conferas:
975 2188 1085 2274 hymn.
1101 2189 1184 2255 hom.
1201 2191 1233 2253 in
1256 2190 1351 2256 Hero.
1366 2190 1428 2255 XV
1443 2191 1478 2255 9:
1501 2187 1613 2275 Χαῖρε,
1715 2179 1716 2182 '

441 2288 524 2365 ἅναξ,
548 2291 617 2360 Διὸς
640 2290 805 2355 οἱέ.δίδοο
829 2292 856 2353 δ’
872 2293 983 2377 ἀρετήν
1006 2316 1040 2356 ra
1062 2294 1113 2355 καὶ
1136 2291 1238 2379 ὄλβον.
1283 2294 1321 2358 In
1343 2292 1613 2361 VulcanXXS:
1715 2331 1716 2392 p

436 2389 522 2455 Ἀλλ’
540 2391 636 2478 ἵληθ’,
651 2390 805 2478 Ἥφαιστε
823 2441 830 2456 .
846 2395 930 2457 δίδου
955 2396 982 2457 δ’
999 2394 1111 2479 ἀρετήν
1134 2418 1168 2457 τε
1190 2397 1241 2459 καὶ
1265 2395 1366 2482 ὄλβον.
1715 2423 1716 2434 ’

506 2513 707 2598 Quamquam
724 2514 799 2581 inde
820 2517 966 2599 aquinto
990 2516 1058 2581 iere
1074 2517 1203 2583 sacculo
1219 2538 1249 2583 a.
1266 2517 1340 2584 Ohr.
1356 2538 1386 2582 n.
1405 2518 1437 2582 in
1460 2519 1614 2604 precihus

440 2618 521 2702 ipsis
549 2620 757 2703 optativus
785 2619 926 2684 crebrior
948 2616 1028 2701 fill),
1055 2626 1164 2686 tamen
1192 2623 1224 2686 in
1252 2623 1497 2707 epigrammatis
1519 2621 1614 2688 dedi-

442 2722 572 2787 catoriis
601 2722 654 2787 iile
678 2724 940 2807 imperativus
963 2724 1128 2789 retinetur.
1172 2725 1242 2791 Nec
1263 2726 1387 2790 mirum.
1433 2724 1517 2791 Nam
1539 2745 1614 2809 pre-

436 2825 532 2911 ,cibus
566 2824 711 2891 homines
745 2845 816 2889 cum
851 2824 1033 2908 religiosius
1071 2832 1103 2892 et
1140 2827 1308 2896 humiliore
1342 2827 1450 2893 animo
1483 2830 1614 2913 precari

441 2925 567 2991 soleant
583 2925 634 2993 dis
649 2927 809 3012 imperare
826 2949 888 2994 non
905 2926 1036 3015 audent,
1060 2928 1119 2995 sed
1142 2936 1256 3016 optant
1277 2929 1530 3015 suppliciterque
1556 2950 1614 2997 eos

441 3030 614 3114 implorant
624 3029 659 3115 8).
706 3029 772 3095 Sed
800 3030 894 3097 homo
922 3029 984 3096 deo
1012 3031 1135 3116 aliquid
1165 3032 1322 3101 dedicans
1351 3035 1380 3098 ei
1414 3039 1540 3117 gratum
1579 3054 1614 3099 se

440 3139 533 3217 putat
550 3131 643 3218 adeo,
667 3140 701 3198 ut
716 3133 864 3199 humilior
883 3135 938 3199 ilie
954 3134 1092 3202 hominis
1107 3140 1272 3222 precantis
1288 3140 1414 3204 animus
1438 3138 1615 3204 extollatur

440 3237 508 3300 inre
532 3235 672 3319 quodam
695 3236 877 3321 invocandi,
900 3237 987 3320 quod
1010 3238 1094 3305 dono
1117 3241 1298 3324 acquisivit.

506 3357 535 3421 7.
571 3356 645 3421 Alia
680 3356 894 3424 dedicationis
929 3359 1141 3427 conformatio
1173 3368 1224 3428 est
1256 3362 1348 3447 haec,
1383 3367 1418 3426 ut
1451 3362 1613 3427 verbum
1715 3325 1716 3412 A

441 3565 545 3629 tiones
570 3562 665 3629 huius
694 3567 822 3648 generis
851 3563 993 3651 pedestri
1027 3588 1174 3634 sermone
1210 3569 1419 3653 compositae,
1453 3568 1614 3650 equibus

440 3665 501 3732 has
516 3665 645 3749 quidem
660 3670 797 3751 primum
814 3670 956 3734 numeris
971 3670 1094 3737 additis
1110 3670 1292 3755 significare
1309 3672 1419 3737 liceat:
1439 3670 1521 3736 Ditt.
1537 3669 1611 3735 758.
1715 3717 1716 3724 .

512 3922 531 3986 ι)
552 3920 642 3975 Unum
654 3920 750 3975 inveni
764 3921 938 3990 epigramma
950 3923 1025 3992 quod
1044 3923 1117 3978 hanc
1135 3924 1163 3977 in
1181 3924 1278 3995 lingua
1296 3938 1380 3978 sacra
1397 3922 1613 3978 usitatissimam
1715 3963 1716 4002 β

444 4006 580 4075 precandi
602 4005 751 4062 termulam
774 4007 906 4076 praehet:
933 4011 980 4064 Pr.
997 4015 1031 4067 98
1050 4010 1088 4077 (in
1106 4009 1225 4081 Olympo
1249 4014 1344 4065 monte
1364 4024 1453 4079 prope
1472 4009 1613 4078 Apollinis

444 4093 588 4162 templum)
607 4094 714 4163 (incert.
735 4098 832 4161 aetat.)
851 4092 884 4149 σὺ
902 4096 935 4164 δ’,
955 4089 1032 4165 ἅναξ,
1051 4102 1128 4166 χαῖρε
1146 4097 1194 4151 καλ
1212 4093 1299 4151 ἐσθλὰ
1317 4097 1407 4153 δίδου.

509 4182 530 4248 ¹)
558 4181 591 4235 R.
616 4181 750 4250 Wlinsch,
774 4182 826 4235 Ein
851 4181 1019 4252 Dankopier·
1043 4200 1078 4239 an
1101 4184 1263 4253 Asklepios,
1290 4182 1375 4237 Arch.
1399 4182 1417 4237 f.
1442 4183 1502 4238 Rel.
1525 4183 1612 4239 Wiss.
1715 4233 1716 4268 ἶ

442 4268 493 4323 VII
512 4272 558 4328 si:
586 4268 659 4335 „Nur
682 4268 848 4323 verwendct
866 4268 1015 4325 Herondas
1034 4270 1111 4325 nicht
1134 4270 1188 4325 den
1211 4270 1365 4340 Imperativ
1383 4277 1469 4338 χαῖρε,
1488 4268 1611 4325 sonderu
1715 4315 1716 4318 ,

441 4353 496 4409 deu
520 4354 636 4423 Optativ
659 4356 779 4422 χαίροιςε
810 4370 842 4409 so
869 4355 937 4410 weit
962 4356 1013 4411 hat
1039 4358 1099 4414 sich
1123 4357 1173 4412 der
1196 4358 1266 4413 Gott
1288 4357 1359 4412 iiber
1381 4357 1436 4412 den
1460 4355 1611 4412 Mensohen

441 4440 682 4511 hinausgehoben,
701 4440 755 4495 dass
774 4439 830 4493 ihm
849 4443 1013 4511 gegeniiber
1031 4444 1109 4499 nicht
1126 4444 1204 4499 mehr
1223 4443 1274 4498 der
1291 4442 1399 4512 Beiehl,
1417 4444 1541 4499 sondcrn
1558 4458 1611 4496 nur
1715 4433 1716 4508 l

442 4528 492 4583 der
507 4527 630 4584 Wunsch
647 4531 785 4597 gestattet
803 4528 863 4581 ist.u
898 4528 979 4593 Quod
992 4531 1138 4587 Whnschii
1157 4531 1262 4585 dictum
1281 4531 1366 4585 etiam
1379 4530 1523 4601 Zieglerus
1535 4545 1563 4598 p.
1579 4533 1609 4585 ll
1715 4607 1716 4624 β

441 4614 578 4670 adhibuit.

509 4702 531 4769 υ)
551 4700 660 4770 Ziegler
677 4716 705 4768 p.
718 4706 760 4758 11.
