3717 5434
836 550 878 615 33

263 772 265 779 ⁴
337 717 387 783 cf.
411 720 614 804 epigramma
636 720 734 801 (saec.
752 721 797 785 lV
813 742 843 786 a.
858 720 931 786 (ihr.
947 720 994 808 n.)
1016 722 1079 787 Kb.
1096 722 1174 787 772:

539 871 570 885 ..
589 871 596 887 .
612 818 721 906 Ἐρμῆι
745 825 905 907 στῆσάμμε
929 824 1090 908 stropulos,

540 926 589 988 eoi
613 924 679 1009 μέν,
705 925 788 1001 ἅναξ,
812 928 922 1011 δῶρον,
942 974 949 989 .
967 972 976 991 .
992 975 1000 991 .
1016 927 1162 998 τιθέντες.

339 1046 367 1109 5.
392 1045 461 1112 Nec
485 1048 590 1112 minus
613 1067 709 1131 quam
739 1067 885 1130 eaquae
914 1048 1080 1114 antecedit
1108 1049 1213 1115 forma
1243 1050 1324 1117 baec
1352 1049 1442 1116 dedi-

266 1150 410 1215 cationis
437 1149 649 1216 conformatio
673 1150 879 1235 frequentata
903 1158 967 1217 est:
996 1154 1035 1218 Is
1059 1156 1123 1237 qui
1146 1153 1308 1221 dedicat
1330 1154 1441 1221 deum

264 1256 309 1315 ut
335 1251 473 1317 donum
497 1255 672 1338 accipiat
693 1259 815 1337 rogat.

334 1356 383 1422 Ac
405 1360 542 1441 primum
566 1357 696 1442 quidem
712 1355 753 1423 de
774 1357 867 1423 huius
891 1358 1048 1425 formulae
1071 1362 1195 1443 origine
1217 1381 1324 1448 pauca
1346 1382 1439 1445 prae-

264 1459 333 1523 fari
368 1460 473 1526 liceat.
523 1461 605 1525 Eam
639 1481 680 1525 ex
713 1463 854 1544 antiquis
888 1461 1086 1529 Graecorum
1120 1465 1363 1549 precationibus
1396 1466 1439 1531 ab

263 1553 539 1647 epigrammatum
574 1565 784 1649 scriptoribus
815 1570 981 1649 receptam
1015 1586 1088 1632 esse
1121 1587 1186 1632 non
1218 1569 1353 1652 negabit
1386 1571 1440 1651 qui

262 1666 407 1750 plurima
429 1667 606 1751 inspexerit
620 1667 714 1733 huius
729 1670 858 1750 generis
874 1670 1034 1754 exempla,
1057 1690 1141 1754 quae
1157 1669 1245 1756 apud
1266 1674 1440 1757 scriptores

263 1769 413 1835 Graecos
448 1774 480 1835 et
506 1773 652 1855 poeticos
686 1776 719 1837 et
751 1774 918 1855 prosaicos
946 1771 1097 1855 leguntur
1105 1773 1141 1859 1).
1191 1773 1359 1851 Quomodo
1386 1776 1439 1841 hie

262 1872 425 1957 precandi
452 1893 529 1941 usus
557 1881 646 1941 ortus
675 1876 717 1941 sit
744 1874 934 1941 Ausfeldius
961 1876 981 1940 l.
1004 1896 1030 1941 c.
1052 1876 1103 1943 bis
1131 1876 1286 1943 disseruit
1313 1879 1438 1944 verbis:

265 1976 370 2061 „Cum
399 1996 478 2042 vero
504 1975 539 2041 id
566 1980 759 2061 praesertim
785 1979 962 2062 periculum
985 1980 1037 2063 sit,
1064 1986 1099 2045 ut
1122 1979 1202 2046 deus
1225 1980 1311 2063 dona
1340 1984 1438 2048 saeri-

261 2079 348 2146 ficiis
373 2080 484 2146 oblata
506 2082 658 2168 accipiat,
686 2102 846 2169 persaepe
874 2081 1013 2149 formula
1042 2082 1098 2149 illa
1125 2091 1299 2169 usurpatur
1321 2083 1435 2153 ts‘tmf‘

330 2183 438 2261 Quam
465 2186 659 2250 sententiam
687 2187 759 2268 quis
788 2191 837 2252 est
864 2188 941 2269 quin
974 2204 1110 2253 assensu
1138 2208 1196 2254 suo
1224 2188 1322 2273 plane
1353 2209 1438 2256 com-

262 2286 408 2371 probet?
452 2287 535 2355 Nam
551 2288 638 2354 nullo
654 2289 717 2355 alio
734 2288 829 2356 modo
844 2288 940 2356 bomo
955 2289 1185 2356 verecundiam
1209 2290 1279 2357 deis
1293 2290 1437 2359 debitam

262 2392 448 2475 exprimere
483 2389 679 2475 deorumque
714 2391 859 2459 favorem
884 2386 954 2457 'sibi
981 2392 1148 2458 vindicare
1181 2400 1290 2478 potest
1324 2396 1437 2461 melius

262 2514 363 2577 quam
392 2498 429 2559 ut
462 2495 494 2558 in
524 2496 707 2579 superiores
741 2502 837 2578 atque
870 2498 1070 2579 potentiores
1098 2495 1371 2564 modestissimum
1399 2518 1435 2565 se

262 2597 433 2680 praebeat.

330 2700 425 2766 Nunc
437 2699 480 2766 ad
493 2698 712 2765 enumeranda
724 2702 797 2784 ipsa
809 2700 1105 2786 exemplatranseo.
1123 2702 1321 2788 Saepissime
1328 2709 1435 2770 autem

262 2804 525 2887 epigrammatici
540 2808 576 2868 ut
590 2803 674 2869 bane
694 2805 914 2887 precationem
930 2804 1171 2871 conformarent
1185 2807 1284 2872 verbo
1301 2806 1435 2892 δέχεσ-

260 2908 329 2968 θαι
352 2908 402 2972 usi
426 2912 509 2972 sunt.
552 2906 705 2972 Formam
721 2908 806 2972 enim
829 2905 912 2975 δέξο
936 2908 1039 2973 habes
1055 2910 1088 2973 in
1104 2908 1154 2974 his
1177 2912 1435 2994 epigrammatis:

296 3008 355 3063 Kb.
365 3011 417 3067 143
426 3008 602 3076 (saecvla.)
612 3008 682 3076 Δὲξο
737 3009 864 3078 Κρονίδα
873 3051 879 3064 .
887 3048 907 3063 ..
919 3003 1035 3080 ἄγαλμα.
1047 3011 1154 3082 Loewy
1163 3015 1216 3070 218
1224 3012 1311 3080 (saec.
1320 3013 1393 3067 11-1
1400 3016 1437 3082 a.)

350 3094 406 3150 Kb.
418 3099 467 3153 811
481 3094 568 3165 (saec.
580 3096 605 3149 11
617 3098 664 3164 p).
699 3095 754 3150 Kb.
767 3098 820 3153 815
832 3096 868 3162 (ΙΙ
881 3112 957 3152 saec.
969 3096 1029 3151 lere
1040 3099 1088 3166 pl.
1118 3097 1151 3151 A.
1164 3099 1196 3152 P.
1209 3098 1249 3154 VI
1262 3102 1304 3157 23.
1315 3098 1360 3157 42.
1372 3102 1434 3157 300.

327 3200 476 3267 Eandem
510 3198 725 3267 dedicationis
758 3200 895 3268 formam
929 3201 1022 3268 vides
1055 3205 1153 3268 etiam
1188 3202 1279 3268 verbi
1312 3203 1432 3270 forma:

260 3304 377 3384 δέξαι
400 3324 598 3390 expressam.

295 3406 353 3461 Kb.
370 3410 423 3464 740
441 3410 527 3475 (sace.
544 3407 583 3463 Vl
601 3409 637 3475 a.)
656 3408 718 3462 Παῖ
731 3403 807 3476 Διός,
825 3406 903 3474 δέξαι
919 3402 979 3461 ro'd'
997 3448 1003 3461 .
1022 3448 1028 3461 .
1048 3448 1054 3460 .
1073 3402 1189 3476 ἄγαλμα.
1225 3407 1260 3463 A·
1278 3408 1309 3462 P.
1326 3407 1365 3464 Vl
1383 3411 1434 3466 265

351 3488 569 3562 (Nossis)“110a
590 3534 595 3545 .
615 3534 621 3546 .
640 3535 646 3546 .
665 3492 741 3561 δέξαι
763 3488 893 3565 βύσσινον
916 3490 986 3563 εἷμα.
1022 3492 1129 3549 ibidem
1152 3494 1192 3549 VI
1219 3498 1277 3552 106.
1295 3497 1354 3552 225.
1374 3497 1434 3552 251.

351 3584 412 3639 325.
432 3585 492 3639 347.

325 3686 377 3749 Ex
392 3684 443 3751 his
458 3686 617 3771 exemplis
632 3690 770 3770 apparet
786 3686 869 3752 hanc
886 3687 976 3752 verbi
992 3684 1130 3751 formam
1143 3688 1177 3750 in
1188 3688 1433 3771 epigrammatis

260 3790 433 3872 pertritam
456 3787 565 3853 luisse.

326 3890 426 3957 Verbi
460 3890 598 3956 iormam
632 3892 793 3977 δέχνυσο
827 3893 987 3976 praebent
1018 3891 1234 3975 Anthologiae
1262 3893 1432 3958 Palatinae

261 3997 501 4079 epigrammata
521 3995 567 4059 Vl
591 3993 630 4059 12
660 3994 790 4081 (Iuliani
820 3994 1004 4082 Aegyptio:
1039 3994 1062 4057 F
1064 4001 1166 4059 νωτῶν
1192 3996 1369 4078 τρισσατίων
1397 3996 1432 4059 ἐκ

259 4097 436 4180 τρισοατίης
455 4098 519 4159 λίνα
536 4096 635 4181 θήρης
659 4098 800 4182 δέχνυσο,
824 4096 899 4162 Πάν.
934 4098 1035 4163 7140
1058 4096 1255 4184 (Macedonii
1271 4097 1433 4182 Consulis)

261 4204 294 4263 et
321 4199 368 4264 VI
396 4199 437 4263 77
473 4199 713 4285 (Eratosthenis
746 4200 962 4286 Scholastiei).
1014 4200 1053 4265 Id
1080 4202 1214 4267 verbum
1247 4200 1432 4284 δέχνυμαι

260 4302 461 4386 temporibus
483 4304 716 4387 posterioribus
744 4309 848 4370 ortum
877 4322 950 4370 esse
972 4304 1143 4386 intelleges
1171 4324 1211 4369 en
1235 4303 1272 4369 G.
1296 4304 1431 4387 Meyeri,

260 4407 474 4486 grammatica
496 4426 625 4492 graeca,
649 4408 785 4491 Leipzig
810 4406 902 4491 1896,
925 4410 947 4488 ξ
969 4407 1041 4472 493.

261 4561 463 4569 -——-———.

330 4653 351 4721 ι)
370 4652 410 4707 cf.
430 4652 551 4707 Ausleld
569 4653 585 4707 l.
606 4668 629 4707 c.
648 4670 674 4722 p.
694 4657 755 4711 530.
