3717 5434
994 622 1016 687 6

903 710 1104 721 —-——..

420 795 555 860 bibitam
571 814 655 879 esse,
675 800 709 859 ut
724 813 840 860 nomen
857 792 1040 860 dedicantis
1055 799 1218 879 sequatur,
1234 796 1355 879 optime
1371 817 1444 863 mea
1459 797 1590 881 quidem

421 900 583 964 sententia
615 898 675 963 hoo
708 898 897 983 posterioris
931 899 1050 964 aetatis
1077 899 1313 983 epigrammate
1341 899 1591 987 demonstratur,

420 1000 506 1085 quod
530 1020 615 1067 anno
640 1000 723 1066 1900
746 1002 779 1065 in
802 1000 881 1065 urbe
904 1000 1058 1067 Corintho
1080 1008 1243 1086 repertum
1266 1007 1330 1069 est:

510 1120 570 1190 ΊῚίς
592 1114 680 1175 τύπον
703 1113 862 1189 είμεοόεντα
885 1112 1036 1186 ίθιίνιοοος
1058 1113 1236 1175 demulsero
1259 1114 1381 1191 ἥρπασος
1406 1124 1456 1188 Τίς
1477 1121 1593 1195 μορφὴν

452 1208 512 1279 τῇδ’
533 1204 661 1277 &adpictus
682 1207 769 1277 lldp3
796 1200 924 1275 Μορφὴν
947 1202 1082 1276 λαόιομος
1104 1204 1154 1276 μὲν
1179 1206 1210 1280 ἑῇ
1232 1203 1382 1278 perprimo
1405 1208 1493 1283 τέχνῃ,
1512 1212 1594 1282 στῆσε

455 1296 480 1349 d’
489 1288 679 1364 ἀγασσάμενος
696 1334 744 1349 ...
762 1287 935 1362 Εὗτοχιοινός

421 1402 512 1467 ouius
533 1400 777 1485 epigrammatis
799 1404 993 1465 structuram
1015 1401 1183 1484 perspexit
1204 1401 1287 1468 Paul
1309 1401 1494 1489 Wolters1).

485 1520 578 1589 Nunc
597 1522 746 1604 quoniam
775 1520 933 1605 exemplis
962 1518 1048 1604 quod
1075 1521 1222 1588 volumus
1249 1520 1506 1591 demonstratum
1529 1534 1594 1612 est,

420 1643 625 1708 quaeramus,
660 1626 687 1690 si
714 1623 833 1709 placet,
866 1642 929 1705 quo
959 1621 1054 1688 modo
1087 1623 1144 1690 illa
1177 1623 1281 1690 forma
1313 1633 1385 1692 orta
1418 1628 1471 1693 sit
1515 1630 1594 1696 Mea

420 1727 550 1814 quidem
573 1730 735 1795 sententia
762 1732 879 1812 postne
906 1728 1165 1811 epigrammatiei
1192 1727 1277 1795 hunc
1304 1729 1337 1795 in
1365 1729 1494 1795 modum
1521 1734 1592 1798 via-

421 1842 522 1900 torem
549 1834 642 1917 quasi
676 1831 831 1897 induount
860 1832 914 1913 qui
948 1829 1052 1896 locum
1082 1831 1136 1895 ubi
1164 1829 1333 1897 donarium
1366 1836 1507 1918 positum
1539 1843 1594 1902 est

421 1936 535 2003 adiens
549 1935 690 2019 fingitur,
706 1938 741 2001 ut
757 1940 806 2001 est
821 1940 1084 2016 consentaneum,
1100 1935 1319 2017 interrogans:
1336 1936 1389 2006 τίς
1406 1937 1593 2022 ἀνέθηκεν

421 2037 592 2124 tapam)

485 2160 537 2243 ut,
561 2178 632 2225 oum
654 2159 688 2224 in
715 2158 949 2240 antiquissimis
976 2158 1221 2241 epigrammatis
1248 2179 1312 2225 non
1341 2162 1444 2226 solum
1473 2181 1591 2227 nomen

421 2261 604 2329 dedicantis
627 2261 760 2329 allatum
784 2267 881 2344 esset,
905 2259 964 2327 sed
987 2262 1086 2325 etiam
1109 2263 1311 2347 saepissime,
1334 2269 1371 2327 ut
1393 2284 1491 2348 supra
1509 2265 1593 2330 vidi-

421 2387 502 2451 mus,
528 2367 632 2453 patm’s
654 2372 687 2431 et
709 2366 836 2450 patriae
858 2366 1000 2447 nomina,
1027 2366 1299 2449 epigrammatum
1322 2367 1496 2451 scriptores
1518 2388 1593 2452 pro-

420 2473 525 2557 gressi
547 2475 621 2537 sunt
644 2468 687 2535 ad
710 2489 783 2536 eam
806 2466 943 2535 formam
966 2487 1031 2551 qua
1046 2467 1164 2532 donum
1187 2473 1222 2532 ut
1244 2468 1301 2534 illa
1323 2467 1411 2534 dicat
1432 2473 1593 2537 aviatore

421 2584 553 2659 rogatur
568 2574 690 2640 verbis:
706 2573 761 2641 τίς
779 2570 1023 2652 σ’ἀνέθηκιν,
1042 2570 1194 2653 istoru.
1229 2571 1319 2637 Haeo
1335 2577 1410 2637 sunt
1425 2574 1593 2658 exempla:

382 2712 385 2728 ¹
456 2697 490 2752 A.
499 2696 575 2753 P.V1
584 2698 634 2753 224
644 2691 867 2762 (Theudoridae)
887 2685 997 2744 Είνὰλιε
1009 2685 1167 2760 λαβύρινθο,
1179 2685 1211 2744 οὗ
1223 2709 1272 2759 μοι
1283 2688 1346 2759 λέγι,
1361 2694 1401 2755 τίς
1413 2687 1593 2761 σ’ίινὲθηιιονς

455 2784 490 2838 Α,
502 2784 581 2837 Plan.
594 2782 633 2838 IV
646 2784 679 2839 55
698 2778 798 2847 (Troili
817 2776 1012 2844 Grammatici)
1029 2771 1133 2845 Είιιών,
1149 2777 1190 2839 τίς
1208 2771 1355 2845 σ’ἆνὲθηκε
1368 2819 1374 2832 .
1388 2820 1395 2833 .
1409 2819 1416 2832 .
1429 2778 1514 2846 λέξον.

457 2869 491 2925 Α.
503 2872 535 2924 Ρ.
547 2869 587 2925 VI
599 2872 649 2926 259
668 2864 810 2936 (Philippi)
830 2866 859 2933 α)
874 2864 923 2928 Τίς
937 2904 943 2917 .
957 2904 963 2916 .
979 2880 1027 2917 ,σε
1040 2909 1045 2919 .
1060 2905 1066 2917 .
1081 2905 1086 2916 .
1100 2861 1220 2932 {liquem
1238 2858 1446 2933 ffl‘Eppoys'aqg.
1477 2867 1505 2935 α)
1517 2866 1594 2929 τίνος

510 2950 562 3019 deq
581 2958 610 3025 β)
627 2947 785 3021 Acipensis.
823 2952 850 3019 ο)
868 2947 1010 3015 ποδαπός;
1029 2945 1255 3019 mauronte).

486 3064 600 3127 Liceat
619 3058 741 3149 addere
758 3056 844 3141 quod
859 3076 968 3141 supra,
991 3075 1031 3121 ne
1048 3061 1171 3121 textum
1186 3058 1464 3141 interrumperem,
1487 3058 1591 3123 omisi.

423 3166 611 3234 Sententiae
619 3183 722 3249 meae,
735 3162 828 3228 huius
839 3161 969 3244 generis
977 3161 1213 3245 epigrammata
1224 3165 1393 3243 poetarum
1399 3160 1593 3225 Alexandri-

422 3289 534 3336 norum
566 3273 675 3335 aetate
710 3270 781 3331 orta
813 3284 886 3330 esse
920 3283 984 3328 non
1018 3268 1201 3345 repugnant
1234 3264 1473 3346 epigrammata
1509 3265 1593 3348 ipsa.

423 3374 510 3440 Sane
532 3372 571 3437 A.
586 3372 678 3436 Plan.
693 3371 743 3435 III
765 3368 822 3435 23:
852 3363 952 3442 Εἰπόν,
976 3367 1032 3444 τίς,
1062 3365 1142 3434 τίνος
1166 3364 1244 3440 ἐοοί,
1272 3367 1350 3453 τίνος
1380 3368 1536 3451 πατρίδος,
1565 3369 1596 3429 τί

492 3644 513 3711 1)
531 3640 584 3695 Ru.
596 3641 667 3695 uus.
680 3640 713 3695 u.
726 3643 760 3698 ss
780 3638 871 3707 (roos)
889 3653 917 3706 p.
931 3638 990 3694 rus.

493 3747 515 3814 ί)
535 3743 577 3801 Of.
597 3742 721 3799 Herond.
741 3743 778 3797 lV
792 3746 836 3799 21:
863 3741 904 3804 τίς
926 3728 982 3812 ἦρα
1004 3736 1055 3809 τὴν
1073 3747 1157 3801 λίθον
1179 3739 1281 3809 ταύτην
1303 3739 1408 3795 τέκνων
1426 3739 1523 3810 ἐποίει,
1546 3740 1597 3795 ιιαί

422 3834 463 3898 τίς
490 3831 563 3887 ἐστιν
586 3828 601 3886 ὁ
626 3827 739 3899 osquam
765 3829 802 3883 ad
825 3828 898 3884 hunc
922 3845 1005 3898 quem
1029 3833 1112 3888 attuli
1135 3836 1167 3887 ut
1190 3831 1226 3886 de
1248 3829 1357 3899 origine
1380 3827 1463 3883 huius
1485 3827 1597 3883 formae

423 3920 543 3976 iudicari
560 3919 652 3989 possit
672 3918 764 3973 locum
785 3917 903 3971 comiter
920 3932 965 3971 me
984 3916 1130 3989 delegavit
1149 3916 1280 3973 Skutsch.

491 4028 514 4094 8)
536 4025 616 4079 Haec
643 4022 716 4076 ratio
744 4018 926 4076 confirmatur
952 4022 1119 4090 posteriom's
1147 4022 1256 4077 aetatis.
1278 4020 1361 4075 titulo
1390 4017 1539 4089 sepulcrali
1565 4018 1597 4073 in

406 4098 557 4184 ¹Bithynia
577 4114 691 4179 reperto
711 4124 792 4178 quem
812 4106 939 4162 similiter
962 4114 1130 4179 conceptum
1152 4109 1282 4164 videmus
1305 4107 1402 4162 verbis
1426 4110 1598 4175 quaesunt:

425 4196 485 4269 Τὴν
504 4194 603 4267 στήλην
616 4198 656 4259 τίς
668 4195 793 4265 domum
814 4189 940 4267 φρά(ζει)
954 4192 1178 4265 tenerosque,
1191 4190 1285 4263 druove,
1300 4183 1321 4249 ὦ
1335 4193 1402 4260 fidae.
1434 4188 1599 4263 Ἀρχέδημος

425 4287 531 4357 Φλαβίᾳ
550 4284 669 4355 Κορίλλῃ
693 4284 793 4354 ουνβίῳ
819 4276 926 4352 μνήμης
954 4280 1042 4352 χάριν.
1077 4284 1201 4340 Bulletin
1219 4282 1255 4338 de
1274 4278 1521 4350 correspondente
1538 4278 1597 4334 hel·

423 4374 543 4443 lenique,
560 4371 642 4427 Paris
663 4374 738 4439 1904,
756 4388 783 4440 p.
803 4374 843 4429 25.

492 4478 514 4547 4)
532 4475 659 4531 Eundem
678 4475 706 4529 in
725 4474 839 4529 modum
852 4475 1026 4543 epigramma
1039 4476 1197 4546 sepulcrale
1216 4474 1261 4542 (A.
1273 4475 1305 4527 P.
1315 4472 1368 4529 Vll
1382 4476 1432 4531 163
1443 4469 1598 4539 Leonidae)

425 4564 632 4620 conformatum
650 4560 781 4615 videmus
798 4560 842 4614 his
860 4561 972 4616 verbis:

459 4653 487 4720 α)
509 4651 566 4717 Τίς,
578 4649 652 4711 τίνος
665 4636 741 4713 οὖσα,
753 4643 842 4716 γύναι,
852 4647 964 4717 Παρίην
976 4645 1030 4705 ὑπὸ
1043 4650 1127 4705 aloru
1138 4654 1240 4713 πείσαις
1259 4648 1287 4717 β)
1301 4641 1404 4715 Ποηξώ
1413 4644 1599 4708 Καλλιτέλους.

459 4739 487 4806 α)
506 4735 553 4789 καί
571 4730 698 4803 ποδαπής
717 4736 744 4806 β)
763 4735 867 4803 Σαμίη.
