<?xml version="1.0" encoding="UTF-8"?>
<!DOCTYPE html PUBLIC "-//W3C//DTD XHTML 1.0 Transitional//EN"
    "http://www.w3.org/TR/xhtml1/DTD/xhtml1-transitional.dtd">
<html xmlns="http://www.w3.org/1999/xhtml" xml:lang="en" lang="en">
 <head>
  <title>
</title>
<meta http-equiv="Content-Type" content="text/html;charset=utf-8" />
  <meta name='ocr-system' content='tesseract 3.04.00' />
  <meta name='ocr-capabilities' content='ocr_page ocr_carea ocr_par ocr_line ocrx_word'/>
</head>
<body>
  <div class='ocr_page' id='page_1' title='image "./topicaepigramma00kuehgoog_0028.png"; bbox 0 0 3717 5434; ppageno 0'>
   <div class='ocr_carea' id='block_1_1' title="bbox 427 725 1609 1123">
    <p class='ocr_par' dir='ltr' id='par_1_1' title="bbox 427 725 1609 1123">
     <span class='ocr_line' id='line_1_1' title="bbox 493 725 1609 812; baseline 0.004 -21"><span class='ocrx_word' id='word_1_1' title='bbox 493 726 570 793; x_wconf 89' lang='lat' dir='ltr'><strong>Sed</strong></span> <span class='ocrx_word' id='word_1_2' title='bbox 597 728 769 794; x_wconf 87' lang='lat' dir='ltr'><strong>iocorum</strong></span> <span class='ocrx_word' id='word_1_3' title='bbox 792 726 937 809; x_wconf 91' lang='lat' dir='ltr'><strong>quibus</strong></span> <span class='ocrx_word' id='word_1_4' title='bbox 959 725 1054 793; x_wconf 91' lang='lat' dir='ltr'><strong>deus</strong></span> <span class='ocrx_word' id='word_1_5' title='bbox 1081 728 1227 793; x_wconf 92' lang='lat' dir='ltr'><strong>colitur</strong></span> <span class='ocrx_word' id='word_1_6' title='bbox 1253 728 1609 812; x_wconf 75' lang='lat' dir='ltr'><strong>significationem</strong></span> 
     </span>
     <span class='ocr_line' id='line_1_2' title="bbox 427 828 1609 916; baseline 0.003 -21"><span class='ocrx_word' id='word_1_7' title='bbox 427 828 516 896; x_wconf 90' lang='lat' dir='ltr'><strong>inde</strong></span> <span class='ocrx_word' id='word_1_8' title='bbox 550 830 598 895; x_wconf 90' lang='lat' dir='ltr'><strong>ab</strong></span> <span class='ocrx_word' id='word_1_9' title='bbox 631 849 729 896; x_wconf 85' lang='lat' dir='ltr'><strong>aevo</strong></span> <span class='ocrx_word' id='word_1_10' title='bbox 762 828 1075 897; x_wconf 81' lang='lat' dir='ltr'><strong>Alexandrino</strong></span> <span class='ocrx_word' id='word_1_11' title='bbox 1065 850 1100 895; x_wconf 92' lang='grc' dir='ltr'><strong>ιιι</strong></span> <span class='ocrx_word' id='word_1_12' title='bbox 1132 832 1378 916; x_wconf 76' lang='lat' dir='ltr'><strong>epigrammatis</strong></span> <span class='ocrx_word' id='word_1_13' title='bbox 1411 835 1510 898; x_wconf 88' lang='lat' dir='ltr'><strong>etiam</strong></span> <span class='ocrx_word' id='word_1_14' title='bbox 1544 836 1609 899; x_wconf 89' lang='lat' dir='ltr'><strong>ita</strong></span> 
     </span>
     <span class='ocr_line' id='line_1_3' title="bbox 428 931 1607 1002; baseline 0.003 -4"><span class='ocrx_word' id='word_1_15' title='bbox 428 934 634 999; x_wconf 84' lang='lat' dir='ltr'><strong>formatam</strong></span> <span class='ocrx_word' id='word_1_16' title='bbox 658 952 745 999; x_wconf 88' lang='lat' dir='ltr'><strong>esse</strong></span> <span class='ocrx_word' id='word_1_17' title='bbox 767 931 947 998; x_wconf 88' lang='lat' dir='ltr'><strong>videmus</strong></span> <span class='ocrx_word' id='word_1_18' title='bbox 969 938 1009 997; x_wconf 93' lang='lat' dir='ltr'><strong>ut</strong></span> <span class='ocrx_word' id='word_1_19' title='bbox 1031 937 1238 1000; x_wconf 90' lang='lat' dir='ltr'><strong>sententia</strong></span> <span class='ocrx_word' id='word_1_20' title='bbox 1259 935 1437 1001; x_wconf 85' lang='lat' dir='ltr'><strong>relativa</strong></span> <span class='ocrx_word' id='word_1_21' title='bbox 1465 936 1514 1002; x_wconf 88' lang='lat' dir='ltr'><strong>ad</strong></span> <span class='ocrx_word' id='word_1_22' title='bbox 1537 935 1607 1002; x_wconf 94' lang='lat' dir='ltr'><strong>dei</strong></span> 
     </span>
     <span class='ocr_line' id='line_1_4' title="bbox 427 1036 1241 1123; baseline 0.001 -22"><span class='ocrx_word' id='word_1_23' title='bbox 427 1056 564 1102; x_wconf 91' lang='lat' dir='ltr'><strong>nomen</strong></span> <span class='ocrx_word' id='word_1_24' title='bbox 587 1036 817 1103; x_wconf 83' lang='lat' dir='ltr'><strong>adiicietur.</strong></span> <span class='ocrx_word' id='word_1_25' title='bbox 862 1036 954 1102; x_wconf 83' lang='lat' dir='ltr'><strong>Haec</strong></span> <span class='ocrx_word' id='word_1_26' title='bbox 976 1043 1052 1102; x_wconf 89' lang='lat' dir='ltr'><strong>sunt</strong></span> <span class='ocrx_word' id='word_1_27' title='bbox 1073 1037 1241 1123; x_wconf 84' lang='lat' dir='ltr'><strong>exempla.</strong></span> 
     </span>
    </p>
   </div>
   <div class='ocr_carea' id='block_1_2' title="bbox 459 1151 1609 2185">
    <p class='ocr_par' dir='ltr' id='par_1_2' title="bbox 460 1151 1609 1315">
     <span class='ocr_line' id='line_1_5' title="bbox 460 1151 1609 1227; baseline 0.003 -16"><span class='ocrx_word' id='word_1_28' title='bbox 460 1155 495 1211; x_wconf 99' lang='lat' dir='ltr'><strong>A.</strong></span> <span class='ocrx_word' id='word_1_29' title='bbox 508 1158 539 1211; x_wconf 90' lang='grc' dir='ltr'>Ρ</span> <span class='ocrx_word' id='word_1_30' title='bbox 549 1157 588 1213; x_wconf 91' lang='lat' dir='ltr'><strong>VI</strong></span> <span class='ocrx_word' id='word_1_31' title='bbox 601 1159 635 1213; x_wconf 75' lang='grc' dir='ltr'><strong>ιι</strong></span> <span class='ocrx_word' id='word_1_32' title='bbox 648 1157 757 1224; x_wconf 86' lang='lat' dir='ltr'><strong>(incerti</strong></span> <span class='ocrx_word' id='word_1_33' title='bbox 771 1156 906 1224; x_wconf 87' lang='lat' dir='ltr'><strong>auctoris)</strong></span> <span class='ocrx_word' id='word_1_34' title='bbox 921 1151 1039 1226; x_wconf 77' lang='grc' dir='ltr'>Ερμειη,</span> <span class='ocrx_word' id='word_1_35' title='bbox 1057 1160 1193 1227; x_wconf 54' lang='lat' dir='ltr'><strong>espanes</strong></span> <span class='ocrx_word' id='word_1_36' title='bbox 1211 1152 1396 1213; x_wconf 50' lang='lat' dir='ltr'><strong>sumas</strong></span> <span class='ocrx_word' id='word_1_37' title='bbox 1380 1177 1412 1223; x_wconf 75' lang='grc' dir='ltr'><strong>ος</strong></span> <span class='ocrx_word' id='word_1_38' title='bbox 1429 1154 1495 1214; x_wconf 72' lang='grc' dir='ltr'><strong>τόδε</strong></span> <span class='ocrx_word' id='word_1_39' title='bbox 1513 1161 1609 1224; x_wconf 74' lang='grc' dir='ltr'>ναίεις</span> 
     </span>
     <span class='ocr_line' id='line_1_6' title="bbox 514 1238 1066 1315; baseline 0.004 -18"><span class='ocrx_word' id='word_1_40' title='bbox 514 1239 634 1315; x_wconf 58' lang='lat' dir='ltr'><strong>merrdie</strong></span> <span class='ocrx_word' id='word_1_41' title='bbox 652 1244 767 1307; x_wconf 73' lang='grc' dir='ltr'>αλθιιιαρ</span> <span class='ocrx_word' id='word_1_42' title='bbox 786 1238 958 1314; x_wconf 75' lang='grc' dir='ltr'>λχθαβόλοιοι</span> <span class='ocrx_word' id='word_1_43' title='bbox 975 1245 1066 1308; x_wconf 74' lang='grc' dir='ltr'><strong>λέπος.</strong></span> 
     </span>
    </p>

    <p class='ocr_par' dir='ltr' id='par_1_3' title="bbox 460 1324 1608 1488">
     <span class='ocr_line' id='line_1_7' title="bbox 460 1324 1608 1402; baseline 0.003 -18"><span class='ocrx_word' id='word_1_44' title='bbox 460 1330 496 1385; x_wconf 93' lang='grc' dir='ltr'><strong>Α.</strong></span> <span class='ocrx_word' id='word_1_45' title='bbox 507 1332 539 1387; x_wconf 97' lang='lat' dir='ltr'><strong>P.</strong></span> <span class='ocrx_word' id='word_1_46' title='bbox 551 1332 590 1387; x_wconf 89' lang='lat' dir='ltr'><strong>Vl</strong></span> <span class='ocrx_word' id='word_1_47' title='bbox 605 1335 653 1389; x_wconf 81' lang='lat'><strong>189</strong></span> <span class='ocrx_word' id='word_1_48' title='bbox 672 1331 806 1399; x_wconf 85' lang='lat' dir='ltr'><strong>(Moerus)</strong></span> <span class='ocrx_word' id='word_1_49' title='bbox 833 1324 1006 1400; x_wconf 59' lang='grc' dir='ltr'>Νόμφαι..</span> <span class='ocrx_word' id='word_1_50' title='bbox 1020 1328 1076 1385; x_wconf 80' lang='grc' dir='ltr'>,αλ</span> <span class='ocrx_word' id='word_1_51' title='bbox 1097 1327 1192 1401; x_wconf 59' lang='grc' dir='ltr'><strong>τάδε’)</strong></span> <span class='ocrx_word' id='word_1_52' title='bbox 1214 1330 1304 1402; x_wconf 65' lang='grc' dir='ltr'><strong><em>βένθη</em></strong></span> <span class='ocrx_word' id='word_1_53' title='bbox 1322 1327 1473 1402; x_wconf 73' lang='grc' dir='ltr'>ἀμβρόσιαι</span> <span class='ocrx_word' id='word_1_54' title='bbox 1491 1332 1608 1401; x_wconf 61' lang='lat' dir='ltr'><strong>§odiose</strong></span> 
     </span>
     <span class='ocr_line' id='line_1_8' title="bbox 514 1412 820 1488; baseline 0 -17"><span class='ocrx_word' id='word_1_55' title='bbox 514 1420 633 1488; x_wconf 80' lang='grc' dir='ltr'>οιειβετε</span> <span class='ocrx_word' id='word_1_56' title='bbox 650 1417 750 1471; x_wconf 79' lang='grc' dir='ltr'>ιιοοολα</span> <span class='ocrx_word' id='word_1_57' title='bbox 768 1412 820 1472; x_wconf 74' lang='grc' dir='ltr'>ἀει.</span> 
     </span>
    </p>

    <p class='ocr_par' dir='ltr' id='par_1_4' title="bbox 460 1498 1608 1577">
     <span class='ocr_line' id='line_1_9' title="bbox 460 1498 1608 1577; baseline 0.004 -20"><span class='ocrx_word' id='word_1_58' title='bbox 460 1503 496 1557; x_wconf 90' lang='lat' dir='ltr'><strong>A.</strong></span> <span class='ocrx_word' id='word_1_59' title='bbox 508 1506 539 1559; x_wconf 94' lang='lat' dir='ltr'><strong>P.</strong></span> <span class='ocrx_word' id='word_1_60' title='bbox 552 1506 590 1561; x_wconf 89' lang='lat' dir='ltr'><strong>Vl</strong></span> <span class='ocrx_word' id='word_1_61' title='bbox 610 1509 660 1563; x_wconf 76' lang='lat'><strong>225</strong></span> <span class='ocrx_word' id='word_1_62' title='bbox 678 1504 846 1573; x_wconf 84' lang='lat' dir='ltr'><strong>(Nicaeueti)</strong></span> <span class='ocrx_word' id='word_1_63' title='bbox 869 1499 1017 1577; x_wconf 76' lang='grc' dir='ltr'>Ηρῷοοαι,</span> <span class='ocrx_word' id='word_1_64' title='bbox 1036 1498 1184 1576; x_wconf 73' lang='grc' dir='ltr'>Διβόοον”</span> <span class='ocrx_word' id='word_1_65' title='bbox 1168 1524 1235 1573; x_wconf 76' lang='grc' dir='ltr'>ορος</span> <span class='ocrx_word' id='word_1_66' title='bbox 1257 1498 1372 1574; x_wconf 68' lang='grc' dir='ltr'>ἄκριτον</span> <span class='ocrx_word' id='word_1_67' title='bbox 1393 1506 1453 1560; x_wconf 74' lang='lat' dir='ltr'><strong>orire</strong></span> <span class='ocrx_word' id='word_1_68' title='bbox 1472 1507 1608 1575; x_wconf 72' lang='grc' dir='ltr'><strong>νέμεσθε.</strong></span> 
     </span>
    </p>

    <p class='ocr_par' dir='ltr' id='par_1_5' title="bbox 461 1584 1609 1747">
     <span class='ocr_line' id='line_1_10' title="bbox 461 1584 1609 1666; baseline 0.003 -22"><span class='ocrx_word' id='word_1_69' title='bbox 461 1590 496 1645; x_wconf 90' lang='lat' dir='ltr'><strong>A.</strong></span> <span class='ocrx_word' id='word_1_70' title='bbox 508 1591 540 1646; x_wconf 95' lang='lat' dir='ltr'><strong>P.</strong></span> <span class='ocrx_word' id='word_1_71' title='bbox 550 1592 589 1647; x_wconf 91' lang='lat' dir='ltr'><strong>VI</strong></span> <span class='ocrx_word' id='word_1_72' title='bbox 603 1595 655 1649; x_wconf 82' lang='lat'><strong>230</strong></span> <span class='ocrx_word' id='word_1_73' title='bbox 668 1590 784 1660; x_wconf 76' lang='lat' dir='ltr'><strong>(Quinti)</strong></span> <span class='ocrx_word' id='word_1_74' title='bbox 800 1589 921 1666; x_wconf 79' lang='grc' dir='ltr'>Ἀιιρειτμ</span> <span class='ocrx_word' id='word_1_75' title='bbox 934 1593 1038 1664; x_wconf 78' lang='grc' dir='ltr'>Φολβῳ,</span> <span class='ocrx_word' id='word_1_76' title='bbox 1055 1584 1237 1657; x_wconf 74' lang='grc' dir='ltr'>Βιθυνιόος“</span> <span class='ocrx_word' id='word_1_77' title='bbox 1221 1588 1328 1657; x_wconf 76' lang='grc' dir='ltr'>οςιόόε</span> <span class='ocrx_word' id='word_1_78' title='bbox 1339 1587 1609 1662; x_wconf 63' lang='grc' dir='ltr'>μόρηςιιρόοπεόοα</span> 
     </span>
     <span class='ocr_line' id='line_1_11' title="bbox 514 1677 949 1747; baseline 0.005 -16"><span class='ocrx_word' id='word_1_79' title='bbox 514 1679 648 1746; x_wconf 66' lang='grc' dir='ltr'>αἰγιαλοῖς</span> <span class='ocrx_word' id='word_1_80' title='bbox 665 1677 804 1747; x_wconf 63' lang='lat' dir='ltr'><strong>patrocino</strong></span> <span class='ocrx_word' id='word_1_81' title='bbox 822 1677 949 1747; x_wconf 74' lang='grc' dir='ltr'>οονὲχεις.</span> 
     </span>
    </p>

    <p class='ocr_par' dir='ltr' id='par_1_6' title="bbox 460 1758 1463 1836">
     <span class='ocr_line' id='line_1_12' title="bbox 460 1758 1463 1836; baseline 0.003 -17"><span class='ocrx_word' id='word_1_82' title='bbox 460 1764 495 1819; x_wconf 88' lang='lat' dir='ltr'><strong>A.</strong></span> <span class='ocrx_word' id='word_1_83' title='bbox 507 1766 539 1819; x_wconf 98' lang='grc' dir='ltr'><strong>Ρ.</strong></span> <span class='ocrx_word' id='word_1_84' title='bbox 550 1766 589 1821; x_wconf 91' lang='lat' dir='ltr'><strong>VI</strong></span> <span class='ocrx_word' id='word_1_85' title='bbox 602 1757 990 1836; x_wconf 76' lang='grc' dir='ltr'>ιιο(Ριῑ1ιρρι)ἰριιμιι,η</span> <span class='ocrx_word' id='word_1_86' title='bbox 1009 1761 1157 1836; x_wconf 74' lang='grc' dir='ltr'>θαλαμοας</span> <span class='ocrx_word' id='word_1_87' title='bbox 1172 1762 1239 1830; x_wconf 69' lang='lat' dir='ltr'><strong>rode</strong></span> <span class='ocrx_word' id='word_1_88' title='bbox 1256 1763 1347 1836; x_wconf 75' lang='grc' dir='ltr'>όρέωα</span> <span class='ocrx_word' id='word_1_89' title='bbox 1364 1766 1463 1835; x_wconf 75' lang='grc' dir='ltr'>ἔλαχες</span> 
     </span>
    </p>

    <p class='ocr_par' dir='ltr' id='par_1_7' title="bbox 459 1844 1605 2007">
     <span class='ocr_line' id='line_1_13' title="bbox 459 1844 1605 1924; baseline 0.003 -18"><span class='ocrx_word' id='word_1_90' title='bbox 459 1850 495 1906; x_wconf 90' lang='grc' dir='ltr'>Α</span> <span class='ocrx_word' id='word_1_91' title='bbox 506 1853 539 1907; x_wconf 96' lang='lat' dir='ltr'><strong>P.</strong></span> <span class='ocrx_word' id='word_1_92' title='bbox 551 1852 590 1908; x_wconf 93' lang='lat' dir='ltr'><strong>VI</strong></span> <span class='ocrx_word' id='word_1_93' title='bbox 608 1856 659 1911; x_wconf 75' lang='lat'><strong>243</strong></span> <span class='ocrx_word' id='word_1_94' title='bbox 677 1852 817 1921; x_wconf 88' lang='lat' dir='ltr'><strong>(Diodori)</strong></span> <span class='ocrx_word' id='word_1_95' title='bbox 837 1844 876 1907; x_wconf 81' lang='grc' dir='ltr'><em>Ἥ</em></span> <span class='ocrx_word' id='word_1_96' title='bbox 900 1871 928 1907; x_wconf 83' lang='lat' dir='ltr'><strong>rs</strong></span> <span class='ocrx_word' id='word_1_97' title='bbox 952 1847 1054 1921; x_wconf 77' lang='grc' dir='ltr'>Σάμου</span> <span class='ocrx_word' id='word_1_98' title='bbox 1075 1853 1211 1924; x_wconf 73' lang='grc' dir='ltr'><strong>μεδέουσα</strong></span> <span class='ocrx_word' id='word_1_99' title='bbox 1233 1847 1318 1909; x_wconf 79' lang='grc' dir='ltr'>ιιαλ“</span> <span class='ocrx_word' id='word_1_100' title='bbox 1302 1874 1320 1923; x_wconf 84' lang='grc' dir='ltr'><em>η</em></span> <span class='ocrx_word' id='word_1_101' title='bbox 1343 1850 1421 1923; x_wconf 61' lang='lat' dir='ltr'><strong>idlae</strong></span> <span class='ocrx_word' id='word_1_102' title='bbox 1439 1847 1605 1924; x_wconf 75' lang='grc' dir='ltr'>’,ιμβραοοα</span> 
     </span>
     <span class='ocr_line' id='line_1_14' title="bbox 504 1934 587 2007; baseline 0.016 -1.156"><span class='ocrx_word' id='word_1_103' title='bbox 504 1934 587 2007; x_wconf 80' lang='grc' dir='ltr'><strong>Ἥιι</strong></span> 
     </span>
    </p>

    <p class='ocr_par' dir='ltr' id='par_1_8' title="bbox 459 2020 1607 2185">
     <span class='ocr_line' id='line_1_15' title="bbox 459 2020 1607 2095; baseline 0.003 -16"><span class='ocrx_word' id='word_1_104' title='bbox 459 2023 495 2079; x_wconf 86' lang='lat' dir='ltr'><strong>A.</strong></span> <span class='ocrx_word' id='word_1_105' title='bbox 506 2026 538 2079; x_wconf 93' lang='lat' dir='ltr'><strong>P.</strong></span> <span class='ocrx_word' id='word_1_106' title='bbox 551 2026 590 2081; x_wconf 89' lang='lat' dir='ltr'><strong>VI</strong></span> <span class='ocrx_word' id='word_1_107' title='bbox 603 2030 653 2085; x_wconf 74' lang='lat'><strong>265</strong></span> <span class='ocrx_word' id='word_1_108' title='bbox 672 2026 793 2094; x_wconf 83' lang='lat' dir='ltr'><strong>(Nossis)</strong></span> <span class='ocrx_word' id='word_1_109' title='bbox 814 2020 889 2095; x_wconf 80' lang='grc' dir='ltr'>Ἥρα</span> <span class='ocrx_word' id='word_1_110' title='bbox 914 2021 1054 2095; x_wconf 78' lang='grc' dir='ltr'>τιμήεσσα,</span> <span class='ocrx_word' id='word_1_111' title='bbox 1081 2020 1253 2081; x_wconf 60' lang='lat' dir='ltr'><strong>naeres*</strong></span> <span class='ocrx_word' id='word_1_112' title='bbox 1233 2047 1252 2081; x_wconf 89' lang='grc' dir='ltr'>α</span> <span class='ocrx_word' id='word_1_113' title='bbox 1282 2024 1311 2083; x_wconf 85' lang='grc' dir='ltr'><strong>ιιι</strong></span> <span class='ocrx_word' id='word_1_114' title='bbox 1335 2029 1447 2093; x_wconf 54' lang='lat' dir='ltr'><strong>&amp;eides</strong></span> <span class='ocrx_word' id='word_1_115' title='bbox 1468 2025 1607 2093; x_wconf 74' lang='grc' dir='ltr'>πολλάκις</span> 
     </span>
     <span class='ocr_line' id='line_1_16' title="bbox 513 2107 992 2185; baseline 0.002 -19"><span class='ocrx_word' id='word_1_116' title='bbox 513 2107 674 2180; x_wconf 73' lang='grc' dir='ltr'>οὐρανόθεν</span> <span class='ocrx_word' id='word_1_117' title='bbox 690 2112 836 2182; x_wconf 70' lang='lat' dir='ltr'><strong>sescupiae</strong></span> <span class='ocrx_word' id='word_1_118' title='bbox 854 2114 992 2185; x_wconf 74' lang='grc' dir='ltr'>καθορῇς.</span> 
     </span>
    </p>
   </div>
   <div class='ocr_carea' id='block_1_3' title="bbox 402 2216 1604 2511">
    <p class='ocr_par' dir='ltr' id='par_1_9' title="bbox 402 2216 1604 2511">
     <span class='ocr_line' id='line_1_17' title="bbox 490 2216 1604 2308; baseline 0.006 -26"><span class='ocrx_word' id='word_1_119' title='bbox 490 2216 657 2294; x_wconf 80' lang='lat' dir='ltr'><strong>Quomodo</strong></span> <span class='ocrx_word' id='word_1_120' title='bbox 680 2218 761 2283; x_wconf 91' lang='lat' dir='ltr'><strong>haec</strong></span> <span class='ocrx_word' id='word_1_121' title='bbox 778 2217 830 2284; x_wconf 92' lang='lat' dir='ltr'><strong>dei</strong></span> <span class='ocrx_word' id='word_1_122' title='bbox 847 2220 1061 2286; x_wconf 79' lang='lat' dir='ltr'><strong>invocationis</strong></span> <span class='ocrx_word' id='word_1_123' title='bbox 1076 2220 1181 2286; x_wconf 87' lang='lat' dir='ltr'><strong>torma</strong></span> <span class='ocrx_word' id='word_1_124' title='bbox 1195 2226 1267 2286; x_wconf 87' lang='lat' dir='ltr'><strong>orta</strong></span> <span class='ocrx_word' id='word_1_125' title='bbox 1283 2223 1335 2306; x_wconf 91' lang='lat' dir='ltr'><strong>sit,</strong></span> <span class='ocrx_word' id='word_1_126' title='bbox 1358 2224 1385 2287; x_wconf 87' lang='lat' dir='ltr'><strong>si</strong></span> <span class='ocrx_word' id='word_1_127' title='bbox 1401 2222 1604 2308; x_wconf 82' lang='lat' dir='ltr'><strong>quaerimus,</strong></span> 
     </span>
     <span class='ocr_line' id='line_1_18' title="bbox 402 2321 1603 2409; baseline 0.003 -24"><span class='ocrx_word' id='word_1_128' title='bbox 402 2339 489 2386; x_wconf 81' lang='lat' dir='ltr'><strong>non</strong></span> <span class='ocrx_word' id='word_1_129' title='bbox 517 2340 626 2386; x_wconf 91' lang='lat' dir='ltr'><strong>errare</strong></span> <span class='ocrx_word' id='word_1_130' title='bbox 653 2321 747 2387; x_wconf 90' lang='lat' dir='ltr'><strong>uobis</strong></span> <span class='ocrx_word' id='word_1_131' title='bbox 775 2321 932 2407; x_wconf 89' lang='lat' dir='ltr'><strong>videmur,</strong></span> <span class='ocrx_word' id='word_1_132' title='bbox 961 2342 1034 2388; x_wconf 90' lang='lat' dir='ltr'><strong>eum</strong></span> <span class='ocrx_word' id='word_1_133' title='bbox 1063 2342 1136 2388; x_wconf 92' lang='lat' dir='ltr'><strong>eam</strong></span> <span class='ocrx_word' id='word_1_134' title='bbox 1165 2342 1205 2389; x_wconf 82' lang='lat' dir='ltr'><strong>ex</strong></span> <span class='ocrx_word' id='word_1_135' title='bbox 1232 2325 1474 2409; x_wconf 86' lang='lat' dir='ltr'><strong>precationibus</strong></span> <span class='ocrx_word' id='word_1_136' title='bbox 1496 2324 1603 2390; x_wconf 84' lang='lat' dir='ltr'><strong>Grae-</strong></span> 
     </span>
     <span class='ocr_line' id='line_1_19' title="bbox 426 2426 1466 2511; baseline 0.006 -24"><span class='ocrx_word' id='word_1_137' title='bbox 426 2443 534 2490; x_wconf 87' lang='lat' dir='ltr'><strong>corum</strong></span> <span class='ocrx_word' id='word_1_138' title='bbox 558 2426 699 2508; x_wconf 86' lang='lat' dir='ltr'><strong>antiquis</strong></span> <span class='ocrx_word' id='word_1_139' title='bbox 722 2432 887 2511; x_wconf 84' lang='lat' dir='ltr'><strong>receptam</strong></span> <span class='ocrx_word' id='word_1_140' title='bbox 910 2446 983 2493; x_wconf 88' lang='lat' dir='ltr'><strong>esse</strong></span> <span class='ocrx_word' id='word_1_141' title='bbox 1007 2446 1185 2493; x_wconf 90' lang='lat' dir='ltr'><strong>censemus.</strong></span> <span class='ocrx_word' id='word_1_142' title='bbox 1230 2427 1343 2494; x_wconf 88' lang='lat' dir='ltr'><strong>Habes</strong></span> <span class='ocrx_word' id='word_1_143' title='bbox 1366 2431 1466 2493; x_wconf 85' lang='lat' dir='ltr'><strong>enim:</strong></span> 
     </span>
    </p>
   </div>
   <div class='ocr_carea' id='block_1_4' title="bbox 458 2533 1603 2789">
    <p class='ocr_par' dir='ltr' id='par_1_10' title="bbox 458 2533 1603 2789">
     <span class='ocr_line' id='line_1_20' title="bbox 458 2533 1603 2618; baseline 0.005 -21"><span class='ocrx_word' id='word_1_144' title='bbox 458 2548 526 2602; x_wconf 74' lang='lat' dir='ltr'><strong>Aet</strong></span> <span class='ocrx_word' id='word_1_145' title='bbox 544 2545 628 2599; x_wconf 73' lang='grc' dir='ltr'>κλῦθί</span> <span class='ocrx_word' id='word_1_146' title='bbox 645 2564 692 2616; x_wconf 87' lang='grc' dir='ltr'><strong>μοι</strong></span> <span class='ocrx_word' id='word_1_147' title='bbox 713 2541 873 2615; x_wconf 74' lang='grc' dir='ltr'><strong>ἀργυρότοξ’</strong></span> <span class='ocrx_word' id='word_1_148' title='bbox 892 2540 923 2610; x_wconf 81' lang='grc' dir='ltr'><strong>ὃς</strong></span> <span class='ocrx_word' id='word_1_149' title='bbox 934 2542 1050 2616; x_wconf 78' lang='grc' dir='ltr'>Χρόοηα</span> <span class='ocrx_word' id='word_1_150' title='bbox 1068 2544 1268 2618; x_wconf 73' lang='grc' dir='ltr'>ἀμφιβέβηκας.</span> <span class='ocrx_word' id='word_1_151' title='bbox 1297 2533 1406 2604; x_wconf 83' lang='lat' dir='ltr'><strong>Ibidem</strong></span> <span class='ocrx_word' id='word_1_152' title='bbox 1417 2553 1479 2608; x_wconf 80' lang='lat'>451.</span> <span class='ocrx_word' id='word_1_153' title='bbox 1501 2550 1603 2605; x_wconf 69' lang='lat' dir='ltr'><strong>Pate.</strong></span> 
     </span>
     <span class='ocr_line' id='line_1_21' title="bbox 509 2627 1602 2703; baseline 0.002 -18"><span class='ocrx_word' id='word_1_154' title='bbox 509 2651 527 2685; x_wconf 87' lang='grc' dir='ltr'><strong><em>υ</em></strong></span> <span class='ocrx_word' id='word_1_155' title='bbox 546 2637 604 2690; x_wconf 79' lang='lat'>112.</span> <span class='ocrx_word' id='word_1_156' title='bbox 634 2634 730 2702; x_wconf 87' lang='lat' dir='ltr'><strong>Eurip.</strong></span> <span class='ocrx_word' id='word_1_157' title='bbox 746 2634 808 2689; x_wconf 81' lang='lat' dir='ltr'><strong>Hel.</strong></span> <span class='ocrx_word' id='word_1_158' title='bbox 827 2639 884 2692; x_wconf 72' lang='lat'>962.</span> <span class='ocrx_word' id='word_1_159' title='bbox 921 2633 1010 2688; x_wconf 78' lang='lat' dir='ltr'><strong>Arist</strong></span> <span class='ocrx_word' id='word_1_160' title='bbox 1028 2632 1094 2689; x_wconf 86' lang='lat' dir='ltr'><strong>nub.</strong></span> <span class='ocrx_word' id='word_1_161' title='bbox 1114 2638 1166 2693; x_wconf 78' lang='lat'><strong>264</strong></span> <span class='ocrx_word' id='word_1_162' title='bbox 1183 2629 1312 2687; x_wconf 71' lang='grc' dir='ltr'>’Ἄπολλον</span> <span class='ocrx_word' id='word_1_163' title='bbox 1334 2628 1366 2698; x_wconf 70' lang='lat' dir='ltr'><strong>de</strong></span> <span class='ocrx_word' id='word_1_164' title='bbox 1386 2653 1443 2688; x_wconf 74' lang='grc' dir='ltr'><strong>που</strong></span> <span class='ocrx_word' id='word_1_165' title='bbox 1464 2636 1557 2703; x_wconf 70' lang='grc' dir='ltr'>Δῆλον</span> <span class='ocrx_word' id='word_1_166' title='bbox 1579 2627 1602 2703; x_wconf 79' lang='grc' dir='ltr'>ἢ</span> 
     </span>
     <span class='ocr_line' id='line_1_22' title="bbox 510 2718 752 2789; baseline -0.004 -16"><span class='ocrx_word' id='word_1_167' title='bbox 510 2721 629 2775; x_wconf 72' lang='grc' dir='ltr'>Πυθῶν’</span> <span class='ocrx_word' id='word_1_168' title='bbox 647 2718 752 2789; x_wconf 56' lang='grc' dir='ltr'>ἔχειρῖ).</span> 
     </span>
    </p>
   </div>
   <div class='ocr_carea' id='block_1_5' title="bbox 488 2825 1599 3015">
    <p class='ocr_par' dir='ltr' id='par_1_11' title="bbox 488 2825 1599 3015">
     <span class='ocr_line' id='line_1_23' title="bbox 488 2825 1599 2911; baseline 0.002 -21"><span class='ocrx_word' id='word_1_169' title='bbox 488 2825 596 2890; x_wconf 83' lang='grc' dir='ltr'>Ειιιιιιι</span> <span class='ocrx_word' id='word_1_170' title='bbox 618 2827 651 2889; x_wconf 93' lang='lat' dir='ltr'><strong>in</strong></span> <span class='ocrx_word' id='word_1_171' title='bbox 674 2825 802 2909; x_wconf 85' lang='lat' dir='ltr'><strong>hymnis</strong></span> <span class='ocrx_word' id='word_1_172' title='bbox 826 2827 967 2909; x_wconf 87' lang='lat' dir='ltr'><strong>antiquis</strong></span> <span class='ocrx_word' id='word_1_173' title='bbox 989 2827 1046 2893; x_wconf 93' lang='lat' dir='ltr'><strong>illa</strong></span> <span class='ocrx_word' id='word_1_174' title='bbox 1069 2825 1203 2892; x_wconf 91' lang='lat' dir='ltr'><strong>deorum</strong></span> <span class='ocrx_word' id='word_1_175' title='bbox 1227 2825 1419 2911; x_wconf 86' lang='lat' dir='ltr'><strong>significatio</strong></span> <span class='ocrx_word' id='word_1_176' title='bbox 1442 2825 1599 2911; x_wconf 65' lang='lat' dir='ltr'><strong>eustati).</strong></span> 
     </span>
     <span class='ocr_line' id='line_1_24' title="bbox 488 2926 1598 3015; baseline 0.003 -23"><span class='ocrx_word' id='word_1_177' title='bbox 488 2929 596 3011; x_wconf 80' lang='lat' dir='ltr'><strong>Atque</strong></span> <span class='ocrx_word' id='word_1_178' title='bbox 624 2926 705 2994; x_wconf 90' lang='lat' dir='ltr'><strong>haee</strong></span> <span class='ocrx_word' id='word_1_179' title='bbox 732 2927 862 3012; x_wconf 94' lang='lat' dir='ltr'><strong>quidem</strong></span> <span class='ocrx_word' id='word_1_180' title='bbox 891 2930 1041 3015; x_wconf 87' lang='lat' dir='ltr'><strong>exempla</strong></span> <span class='ocrx_word' id='word_1_181' title='bbox 1069 2930 1282 2997; x_wconf 81' lang='lat' dir='ltr'><strong>Graecorum:</strong></span> <span class='ocrx_word' id='word_1_182' title='bbox 1311 2929 1481 2996; x_wconf 86' lang='lat' dir='ltr'><strong>videamus</strong></span> <span class='ocrx_word' id='word_1_183' title='bbox 1510 2949 1598 2995; x_wconf 90' lang='lat' dir='ltr'><strong>nune</strong></span> 
     </span>
    </p>
   </div>
   <div class='ocr_carea' id='block_1_6' title="bbox 424 3029 1596 3201">
    <p class='ocr_par' dir='ltr' id='par_1_12' title="bbox 424 3029 1596 3201">
     <span class='ocr_line' id='line_1_25' title="bbox 426 3029 1596 3100; baseline 0.002 -5"><span class='ocrx_word' id='word_1_184' title='bbox 426 3029 466 3095; x_wconf 92' lang='lat' dir='ltr'><strong>de</strong></span> <span class='ocrx_word' id='word_1_185' title='bbox 495 3032 757 3097; x_wconf 88' lang='lat' dir='ltr'><strong>Romanorum</strong></span> <span class='ocrx_word' id='word_1_186' title='bbox 785 3032 866 3098; x_wconf 92' lang='lat' dir='ltr'><strong>loeis</strong></span> <span class='ocrx_word' id='word_1_187' title='bbox 894 3032 1032 3100; x_wconf 91' lang='lat' dir='ltr'><strong>eundem</strong></span> <span class='ocrx_word' id='word_1_188' title='bbox 1063 3034 1095 3098; x_wconf 92' lang='lat' dir='ltr'><strong>in</strong></span> <span class='ocrx_word' id='word_1_189' title='bbox 1124 3033 1254 3100; x_wconf 91' lang='lat' dir='ltr'><strong>modum</strong></span> <span class='ocrx_word' id='word_1_190' title='bbox 1282 3035 1502 3100; x_wconf 83' lang='lat' dir='ltr'><strong>conformatis.</strong></span> <span class='ocrx_word' id='word_1_191' title='bbox 1552 3034 1596 3097; x_wconf 91' lang='lat' dir='ltr'><strong>Hi</strong></span> 
     </span>
     <span class='ocr_line' id='line_1_26' title="bbox 424 3140 645 3201; baseline 0.009 -3"><span class='ocrx_word' id='word_1_192' title='bbox 424 3140 532 3199; x_wconf 87' lang='lat' dir='ltr'><strong>autem</strong></span> <span class='ocrx_word' id='word_1_193' title='bbox 555 3141 645 3201; x_wconf 86' lang='lat' dir='ltr'><strong>sunt:</strong></span> 
     </span>
    </p>
   </div>
   <div class='ocr_carea' id='block_1_7' title="bbox 457 3254 1598 3673">
    <p class='ocr_par' dir='ltr' id='par_1_13' title="bbox 458 3254 1596 3326">
     <span class='ocr_line' id='line_1_27' title="bbox 458 3254 1596 3326; baseline 0 -17"><span class='ocrx_word' id='word_1_194' title='bbox 458 3254 527 3310; x_wconf 93' lang='lat' dir='ltr'><strong>Beh.</strong></span> <span class='ocrx_word' id='word_1_195' title='bbox 540 3260 591 3314; x_wconf 76' lang='lat'><strong>249</strong></span> <span class='ocrx_word' id='word_1_196' title='bbox 611 3256 647 3325; x_wconf 86' lang='grc' dir='ltr'><strong>(ιι</strong></span> <span class='ocrx_word' id='word_1_197' title='bbox 660 3257 698 3324; x_wconf 79' lang='lat' dir='ltr'><strong>p.)</strong></span> <span class='ocrx_word' id='word_1_198' title='bbox 717 3256 762 3310; x_wconf 84' lang='lat' dir='ltr'><strong>Tu</strong></span> <span class='ocrx_word' id='word_1_199' title='bbox 785 3271 857 3325; x_wconf 86' lang='lat' dir='ltr'><strong>quae</strong></span> <span class='ocrx_word' id='word_1_200' title='bbox 875 3256 1000 3325; x_wconf 82' lang='lat' dir='ltr'><strong>Tarpeio</strong></span> <span class='ocrx_word' id='word_1_201' title='bbox 1025 3257 1126 3312; x_wconf 88' lang='lat' dir='ltr'><strong>coleris</strong></span> <span class='ocrx_word' id='word_1_202' title='bbox 1144 3257 1237 3312; x_wconf 87' lang='lat' dir='ltr'><strong>uicina</strong></span> <span class='ocrx_word' id='word_1_203' title='bbox 1255 3257 1388 3326; x_wconf 84' lang='lat' dir='ltr'><strong>Tonanti,</strong></span> <span class='ocrx_word' id='word_1_204' title='bbox 1403 3296 1409 3309; x_wconf 91' lang='lat'>.</span> <span class='ocrx_word' id='word_1_205' title='bbox 1423 3297 1429 3308; x_wconf 92' lang='lat'>.</span> <span class='ocrx_word' id='word_1_206' title='bbox 1441 3297 1448 3310; x_wconf 94' lang='lat'>.</span> <span class='ocrx_word' id='word_1_207' title='bbox 1460 3256 1596 3311; x_wconf 82' lang='lat' dir='ltr'><strong>Fortuna.</strong></span> 
     </span>
    </p>

    <p class='ocr_par' dir='ltr' id='par_1_14' title="bbox 457 3341 1596 3501">
     <span class='ocr_line' id='line_1_28' title="bbox 457 3341 1596 3414; baseline 0.002 -19"><span class='ocrx_word' id='word_1_208' title='bbox 457 3341 525 3396; x_wconf 89' lang='lat' dir='ltr'><strong>Beh.</strong></span> <span class='ocrx_word' id='word_1_209' title='bbox 538 3346 590 3401; x_wconf 75' lang='lat'><strong>250</strong></span> <span class='ocrx_word' id='word_1_210' title='bbox 609 3343 644 3410; x_wconf 87' lang='grc' dir='ltr'><strong>(ιι</strong></span> <span class='ocrx_word' id='word_1_211' title='bbox 657 3342 695 3410; x_wconf 89' lang='lat' dir='ltr'><strong>p.)</strong></span> <span class='ocrx_word' id='word_1_212' title='bbox 714 3343 816 3411; x_wconf 87' lang='lat' dir='ltr'><strong>Magne</strong></span> <span class='ocrx_word' id='word_1_213' title='bbox 835 3342 926 3412; x_wconf 85' lang='lat' dir='ltr'><strong>deum,</strong></span> <span class='ocrx_word' id='word_1_214' title='bbox 946 3342 1059 3398; x_wconf 84' lang='lat' dir='ltr'><strong>Siluane</strong></span> <span class='ocrx_word' id='word_1_215' title='bbox 1080 3349 1193 3414; x_wconf 88' lang='lat' dir='ltr'><strong>potens,</strong></span> <span class='ocrx_word' id='word_1_216' title='bbox 1216 3343 1394 3399; x_wconf 81' lang='lat' dir='ltr'><strong>sanctissime</strong></span> <span class='ocrx_word' id='word_1_217' title='bbox 1416 3347 1524 3411; x_wconf 86' lang='lat' dir='ltr'><strong>pastor,</strong></span> <span class='ocrx_word' id='word_1_218' title='bbox 1547 3343 1596 3411; x_wconf 90' lang='lat' dir='ltr'><strong>qui</strong></span> 
     </span>
     <span class='ocr_line' id='line_1_29' title="bbox 509 3429 1232 3501; baseline 0.003 -18"><span class='ocrx_word' id='word_1_219' title='bbox 509 3445 608 3484; x_wconf 90' lang='lat' dir='ltr'><strong>nemus</strong></span> <span class='ocrx_word' id='word_1_220' title='bbox 626 3429 743 3484; x_wconf 90' lang='lat' dir='ltr'><strong>Idaeum</strong></span> <span class='ocrx_word' id='word_1_221' title='bbox 761 3429 946 3500; x_wconf 88' lang='lat' dir='ltr'><strong>Romanaque</strong></span> <span class='ocrx_word' id='word_1_222' title='bbox 966 3435 1062 3487; x_wconf 87' lang='lat' dir='ltr'><strong>eastra</strong></span> <span class='ocrx_word' id='word_1_223' title='bbox 1079 3430 1232 3501; x_wconf 87' lang='lat' dir='ltr'><strong>gubernas.</strong></span> 
     </span>
    </p>

    <p class='ocr_par' dir='ltr' id='par_1_15' title="bbox 458 3514 1598 3673">
     <span class='ocr_line' id='line_1_30' title="bbox 458 3514 1598 3587; baseline -0.002 -17"><span class='ocrx_word' id='word_1_224' title='bbox 458 3515 528 3570; x_wconf 90' lang='lat' dir='ltr'><strong>Beh.</strong></span> <span class='ocrx_word' id='word_1_225' title='bbox 544 3521 610 3575; x_wconf 78' lang='lat'>1527</span> <span class='ocrx_word' id='word_1_226' title='bbox 628 3517 664 3584; x_wconf 90' lang='lat'><strong>(11</strong></span> <span class='ocrx_word' id='word_1_227' title='bbox 675 3517 714 3585; x_wconf 84' lang='lat' dir='ltr'><strong>p.)</strong></span> <span class='ocrx_word' id='word_1_228' title='bbox 732 3516 845 3571; x_wconf 84' lang='lat' dir='ltr'><strong>Moenia</strong></span> <span class='ocrx_word' id='word_1_229' title='bbox 862 3518 909 3586; x_wconf 91' lang='lat' dir='ltr'><strong>qui</strong></span> <span class='ocrx_word' id='word_1_230' title='bbox 921 3518 1031 3574; x_wconf 89' lang='lat' dir='ltr'><strong>Risinni</strong></span> <span class='ocrx_word' id='word_1_231' title='bbox 1043 3518 1160 3587; x_wconf 74' lang='lat' dir='ltr'><strong>Acade,</strong></span> <span class='ocrx_word' id='word_1_232' title='bbox 1178 3518 1225 3587; x_wconf 91' lang='lat' dir='ltr'><strong>qui</strong></span> <span class='ocrx_word' id='word_1_233' title='bbox 1238 3517 1308 3573; x_wconf 89' lang='lat' dir='ltr'><strong>eolis</strong></span> <span class='ocrx_word' id='word_1_234' title='bbox 1320 3531 1415 3571; x_wconf 87' lang='lat' dir='ltr'><strong>arcem</strong></span> <span class='ocrx_word' id='word_1_235' title='bbox 1427 3514 1598 3585; x_wconf 88' lang='lat' dir='ltr'><strong>Delmatiae,</strong></span> 
     </span>
     <span class='ocr_line' id='line_1_31' title="bbox 508 3603 927 3673; baseline 0 -14"><span class='ocrx_word' id='word_1_236' title='bbox 508 3604 600 3659; x_wconf 90' lang='lat' dir='ltr'><strong>nostri</strong></span> <span class='ocrx_word' id='word_1_237' title='bbox 617 3603 729 3673; x_wconf 87' lang='lat' dir='ltr'><strong>publice</strong></span> <span class='ocrx_word' id='word_1_238' title='bbox 748 3605 804 3657; x_wconf 89' lang='lat' dir='ltr'><strong>Lar</strong></span> <span class='ocrx_word' id='word_1_239' title='bbox 821 3605 927 3673; x_wconf 84' lang='lat' dir='ltr'><strong>populi.</strong></span> 
     </span>
    </p>
   </div>
   <div class='ocr_carea' id='block_1_8' title="bbox 422 3846 1597 4095">
    <p class='ocr_par' dir='ltr' id='par_1_16' title="bbox 422 3846 1597 4095">
     <span class='ocr_line' id='line_1_32' title="bbox 491 3846 1597 3921; baseline -0.004 -14"><span class='ocrx_word' id='word_1_240' title='bbox 491 3852 512 3920; x_wconf 90' lang='lat'><strong>¹)</strong></span> <span class='ocrx_word' id='word_1_241' title='bbox 530 3850 632 3907; x_wconf 88' lang='lat' dir='ltr'><strong>Verbis</strong></span> <span class='ocrx_word' id='word_1_242' title='bbox 651 3848 682 3905; x_wconf 83' lang='grc' dir='ltr'><strong>αι</strong></span> <span class='ocrx_word' id='word_1_243' title='bbox 699 3846 764 3906; x_wconf 75' lang='grc' dir='ltr'><strong>τάδε</strong></span> <span class='ocrx_word' id='word_1_244' title='bbox 782 3852 939 3921; x_wconf 84' lang='lat' dir='ltr'><strong>respondet</strong></span> <span class='ocrx_word' id='word_1_245' title='bbox 958 3850 1056 3906; x_wconf 88' lang='lat' dir='ltr'><strong>similis</strong></span> <span class='ocrx_word' id='word_1_246' title='bbox 1075 3850 1228 3906; x_wconf 89' lang='lat' dir='ltr'><strong>eorundem</strong></span> <span class='ocrx_word' id='word_1_247' title='bbox 1247 3849 1400 3905; x_wconf 88' lang='lat' dir='ltr'><strong>verborum</strong></span> <span class='ocrx_word' id='word_1_248' title='bbox 1419 3848 1597 3903; x_wconf 85' lang='lat' dir='ltr'><strong>coniunctio:</strong></span> 
     </span>
     <span class='ocr_line' id='line_1_33' title="bbox 422 3928 1596 4008; baseline -0.001 -18"><span class='ocrx_word' id='word_1_249' title='bbox 422 3928 453 4000; x_wconf 80' lang='grc' dir='ltr'><strong>ὃς</strong></span> <span class='ocrx_word' id='word_1_250' title='bbox 474 3935 539 3993; x_wconf 78' lang='grc' dir='ltr'><strong>τάδε</strong></span> <span class='ocrx_word' id='word_1_251' title='bbox 565 3954 637 4008; x_wconf 87' lang='lat' dir='ltr'><strong>quae</strong></span> <span class='ocrx_word' id='word_1_252' title='bbox 660 3938 779 3994; x_wconf 89' lang='lat' dir='ltr'><strong>eundem</strong></span> <span class='ocrx_word' id='word_1_253' title='bbox 803 3955 905 3994; x_wconf 88' lang='lat' dir='ltr'><strong>versus</strong></span> <span class='ocrx_word' id='word_1_254' title='bbox 929 3939 1006 3993; x_wconf 88' lang='lat' dir='ltr'><strong>tertii</strong></span> <span class='ocrx_word' id='word_1_255' title='bbox 1029 3938 1241 4007; x_wconf 83' lang='lat' dir='ltr'><strong>epigrammatis</strong></span> <span class='ocrx_word' id='word_1_256' title='bbox 1258 3937 1332 3991; x_wconf 89' lang='lat' dir='ltr'><strong>illius</strong></span> <span class='ocrx_word' id='word_1_257' title='bbox 1351 3936 1482 3992; x_wconf 87' lang='lat' dir='ltr'><strong>obtinens</strong></span> <span class='ocrx_word' id='word_1_258' title='bbox 1500 3935 1596 3991; x_wconf 89' lang='lat' dir='ltr'><strong>locum</strong></span> 
     </span>
     <span class='ocr_line' id='line_1_34' title="bbox 423 4024 1265 4095; baseline 0 -16"><span class='ocrx_word' id='word_1_259' title='bbox 423 4026 492 4080; x_wconf 88' lang='lat' dir='ltr'><strong>artis</strong></span> <span class='ocrx_word' id='word_1_260' title='bbox 511 4041 567 4095; x_wconf 88' lang='lat' dir='ltr'><strong>qua</strong></span> <span class='ocrx_word' id='word_1_261' title='bbox 584 4031 671 4094; x_wconf 84' lang='lat' dir='ltr'><strong>poeta</strong></span> <span class='ocrx_word' id='word_1_262' title='bbox 690 4042 804 4083; x_wconf 86' lang='lat' dir='ltr'><strong>carmen</strong></span> <span class='ocrx_word' id='word_1_263' title='bbox 825 4026 985 4094; x_wconf 89' lang='lat' dir='ltr'><strong>composuit</strong></span> <span class='ocrx_word' id='word_1_264' title='bbox 1002 4024 1194 4080; x_wconf 86' lang='lat' dir='ltr'><strong>testimonium</strong></span> <span class='ocrx_word' id='word_1_265' title='bbox 1213 4028 1265 4079; x_wconf 89' lang='lat' dir='ltr'><strong>est.</strong></span> 
     </span>
    </p>
   </div>
   <div class='ocr_carea' id='block_1_9' title="bbox 491 4126 1533 4201">
    <p class='ocr_par' dir='ltr' id='par_1_17' title="bbox 491 4126 1533 4201">
     <span class='ocr_line' id='line_1_35' title="bbox 491 4126 1533 4201; baseline -0.006 -15"><span class='ocrx_word' id='word_1_266' title='bbox 491 4132 512 4198; x_wconf 76' lang='lat'><strong>⁸)</strong></span> <span class='ocrx_word' id='word_1_267' title='bbox 531 4131 616 4186; x_wconf 90' lang='lat' dir='ltr'><strong>Plura</strong></span> <span class='ocrx_word' id='word_1_268' title='bbox 635 4130 717 4186; x_wconf 91' lang='lat' dir='ltr'><strong>huius</strong></span> <span class='ocrx_word' id='word_1_269' title='bbox 736 4131 848 4201; x_wconf 83' lang='lat' dir='ltr'><strong>generis</strong></span> <span class='ocrx_word' id='word_1_270' title='bbox 867 4130 996 4199; x_wconf 85' lang='lat' dir='ltr'><strong>exempla</strong></span> <span class='ocrx_word' id='word_1_271' title='bbox 1016 4128 1131 4199; x_wconf 80' lang='lat' dir='ltr'><strong>collegit</strong></span> <span class='ocrx_word' id='word_1_272' title='bbox 1148 4126 1277 4182; x_wconf 83' lang='lat' dir='ltr'><strong>Ausfeld.</strong></span> <span class='ocrx_word' id='word_1_273' title='bbox 1296 4127 1314 4181; x_wconf 94' lang='lat' dir='ltr'>l.</span> <span class='ocrx_word' id='word_1_274' title='bbox 1333 4143 1357 4182; x_wconf 89' lang='lat' dir='ltr'><strong>e.</strong></span> <span class='ocrx_word' id='word_1_275' title='bbox 1374 4144 1402 4196; x_wconf 83' lang='lat' dir='ltr'><strong>p.</strong></span> <span class='ocrx_word' id='word_1_276' title='bbox 1420 4129 1473 4184; x_wconf 74' lang='lat'><strong>520</strong></span> <span class='ocrx_word' id='word_1_277' title='bbox 1491 4141 1533 4195; x_wconf 90' lang='lat' dir='ltr'><strong>sq.</strong></span> 
     </span>
    </p>
   </div>
   <div class='ocr_carea' id='block_1_10' title="bbox 420 4224 1595 4649">
    <p class='ocr_par' dir='ltr' id='par_1_18' title="bbox 420 4224 1595 4649">
     <span class='ocr_line' id='line_1_36' title="bbox 490 4224 1595 4305; baseline -0.005 -17"><span class='ocrx_word' id='word_1_278' title='bbox 490 4235 513 4302; x_wconf 81' lang='lat'><strong>⁸)</strong></span> <span class='ocrx_word' id='word_1_279' title='bbox 532 4233 573 4288; x_wconf 80' lang='lat' dir='ltr'><strong>Gt.</strong></span> <span class='ocrx_word' id='word_1_280' title='bbox 592 4234 704 4305; x_wconf 85' lang='lat' dir='ltr'><strong>Adami‚</strong></span> <span class='ocrx_word' id='word_1_281' title='bbox 722 4252 750 4305; x_wconf 91' lang='lat' dir='ltr'><strong>p.</strong></span> <span class='ocrx_word' id='word_1_282' title='bbox 763 4238 829 4292; x_wconf 78' lang='lat'><strong>242:</strong></span> <span class='ocrx_word' id='word_1_283' title='bbox 851 4233 975 4302; x_wconf 79' lang='lat' dir='ltr'><strong>„Deinde</strong></span> <span class='ocrx_word' id='word_1_284' title='bbox 995 4232 1136 4289; x_wconf 88' lang='lat' dir='ltr'><strong>sententia</strong></span> <span class='ocrx_word' id='word_1_285' title='bbox 1153 4232 1275 4287; x_wconf 88' lang='lat' dir='ltr'><strong>relatiua</strong></span> <span class='ocrx_word' id='word_1_286' title='bbox 1293 4224 1325 4294; x_wconf 79' lang='grc' dir='ltr'><strong>ὃς</strong></span> <span class='ocrx_word' id='word_1_287' title='bbox 1339 4271 1345 4283; x_wconf 93' lang='grc'><strong>.</strong></span> <span class='ocrx_word' id='word_1_288' title='bbox 1359 4272 1365 4285; x_wconf 93' lang='grc'><strong>.</strong></span> <span class='ocrx_word' id='word_1_289' title='bbox 1378 4270 1386 4285; x_wconf 91' lang='grc'><strong>.</strong></span> <span class='ocrx_word' id='word_1_290' title='bbox 1398 4226 1552 4301; x_wconf 79' lang='grc' dir='ltr'>ἀμφέπεις.</span> <span class='ocrx_word' id='word_1_291' title='bbox 1567 4271 1595 4284; x_wconf 93' lang='grc'><strong>..</strong></span> 
     </span>
     <span class='ocr_line' id='line_1_37' title="bbox 421 4315 1594 4390; baseline -0.003 -17"><span class='ocrx_word' id='word_1_292' title='bbox 421 4319 511 4390; x_wconf 75' lang='grc' dir='ltr'>μέδεις</span> <span class='ocrx_word' id='word_1_293' title='bbox 552 4362 578 4375; x_wconf 89' lang='grc'><strong>..</strong></span> <span class='ocrx_word' id='word_1_294' title='bbox 597 4322 685 4376; x_wconf 78' lang='grc' dir='ltr'>ναίων</span> <span class='ocrx_word' id='word_1_295' title='bbox 707 4320 960 4375; x_wconf 85' lang='lat' dir='ltr'><strong>animaduertenda</strong></span> <span class='ocrx_word' id='word_1_296' title='bbox 977 4320 1097 4375; x_wconf 89' lang='lat' dir='ltr'><strong>uidetur.</strong></span> <span class='ocrx_word' id='word_1_297' title='bbox 1117 4323 1162 4373; x_wconf 87' lang='lat' dir='ltr'><strong>est</strong></span> <span class='ocrx_word' id='word_1_298' title='bbox 1179 4319 1251 4373; x_wconf 92' lang='lat' dir='ltr'><strong>euim</strong></span> <span class='ocrx_word' id='word_1_299' title='bbox 1270 4316 1437 4388; x_wconf 90' lang='lat' dir='ltr'><strong>hymnorum</strong></span> <span class='ocrx_word' id='word_1_300' title='bbox 1456 4315 1594 4371; x_wconf 88' lang='lat' dir='ltr'><strong>sermonis</strong></span> 
     </span>
     <span class='ocr_line' id='line_1_38' title="bbox 420 4401 1594 4476; baseline -0.003 -15"><span class='ocrx_word' id='word_1_301' title='bbox 420 4406 565 4475; x_wconf 88' lang='lat' dir='ltr'><strong>proprium</strong></span> <span class='ocrx_word' id='word_1_302' title='bbox 593 4407 725 4476; x_wconf 86' lang='lat' dir='ltr'><strong>epithetis</strong></span> <span class='ocrx_word' id='word_1_303' title='bbox 753 4408 923 4462; x_wconf 89' lang='lat' dir='ltr'><strong>enumeratis</strong></span> <span class='ocrx_word' id='word_1_304' title='bbox 952 4406 1121 4463; x_wconf 89' lang='lat' dir='ltr'><strong>sententiam</strong></span> <span class='ocrx_word' id='word_1_305' title='bbox 1149 4405 1228 4475; x_wconf 89' lang='lat' dir='ltr'><strong>sequi</strong></span> <span class='ocrx_word' id='word_1_306' title='bbox 1255 4404 1404 4459; x_wconf 88' lang='lat' dir='ltr'><strong>relatiuam</strong></span> <span class='ocrx_word' id='word_1_307' title='bbox 1431 4418 1487 4473; x_wconf 90' lang='lat' dir='ltr'><strong>qua</strong></span> <span class='ocrx_word' id='word_1_308' title='bbox 1510 4401 1594 4458; x_wconf 90' lang='lat' dir='ltr'><strong>sedes</strong></span> 
     </span>
     <span class='ocr_line' id='line_1_39' title="bbox 421 4489 1595 4563; baseline -0.004 -15"><span class='ocrx_word' id='word_1_309' title='bbox 421 4509 492 4563; x_wconf 89' lang='lat' dir='ltr'><strong>quas</strong></span> <span class='ocrx_word' id='word_1_310' title='bbox 510 4494 580 4548; x_wconf 89' lang='lat' dir='ltr'><strong>deus</strong></span> <span class='ocrx_word' id='word_1_311' title='bbox 599 4498 697 4549; x_wconf 89' lang='lat' dir='ltr'><strong>teneat</strong></span> <span class='ocrx_word' id='word_1_312' title='bbox 714 4494 760 4547; x_wconf 92' lang='lat' dir='ltr'><strong>uel</strong></span> <span class='ocrx_word' id='word_1_313' title='bbox 779 4508 812 4547; x_wconf 83' lang='lat' dir='ltr'><strong>ex</strong></span> <span class='ocrx_word' id='word_1_314' title='bbox 832 4493 933 4562; x_wconf 90' lang='lat' dir='ltr'><strong>quibus</strong></span> <span class='ocrx_word' id='word_1_315' title='bbox 952 4498 1036 4548; x_wconf 91' lang='lat' dir='ltr'><strong>natus</strong></span> <span class='ocrx_word' id='word_1_316' title='bbox 1060 4493 1098 4548; x_wconf 89' lang='lat' dir='ltr'><strong>sit</strong></span> <span class='ocrx_word' id='word_1_317' title='bbox 1119 4490 1286 4561; x_wconf 89' lang='lat' dir='ltr'><strong>parentibus</strong></span> <span class='ocrx_word' id='word_1_318' title='bbox 1310 4491 1356 4545; x_wconf 88' lang='lat' dir='ltr'><strong>uel</strong></span> <span class='ocrx_word' id='word_1_319' title='bbox 1379 4490 1436 4545; x_wconf 89' lang='lat' dir='ltr'><strong>alia</strong></span> <span class='ocrx_word' id='word_1_320' title='bbox 1454 4489 1595 4560; x_wconf 88' lang='lat' dir='ltr'><strong>quaedam</strong></span> 
     </span>
     <span class='ocr_line' id='line_1_40' title="bbox 420 4577 1595 4649; baseline 0 -16"><span class='ocrx_word' id='word_1_321' title='bbox 420 4578 602 4635; x_wconf 78' lang='lat' dir='ltr'><strong>reserantur.“</strong></span> <span class='ocrx_word' id='word_1_322' title='bbox 641 4580 766 4634; x_wconf 91' lang='lat' dir='ltr'><strong>Plurima</strong></span> <span class='ocrx_word' id='word_1_323' title='bbox 783 4578 865 4634; x_wconf 89' lang='lat' dir='ltr'><strong>huius</strong></span> <span class='ocrx_word' id='word_1_324' title='bbox 884 4580 996 4649; x_wconf 87' lang='lat' dir='ltr'><strong>generis</strong></span> <span class='ocrx_word' id='word_1_325' title='bbox 1015 4579 1143 4648; x_wconf 86' lang='lat' dir='ltr'><strong>exempla</strong></span> <span class='ocrx_word' id='word_1_326' title='bbox 1161 4595 1194 4634; x_wconf 85' lang='lat' dir='ltr'><strong>ex</strong></span> <span class='ocrx_word' id='word_1_327' title='bbox 1213 4577 1325 4649; x_wconf 85' lang='lat' dir='ltr'><strong>hymnis</strong></span> <span class='ocrx_word' id='word_1_328' title='bbox 1344 4582 1457 4647; x_wconf 87' lang='lat' dir='ltr'><strong>sumpta</strong></span> <span class='ocrx_word' id='word_1_329' title='bbox 1475 4577 1595 4633; x_wconf 88' lang='lat' dir='ltr'><strong>eontulit</strong></span> 
     </span>
    </p>
   </div>
   <div class='ocr_carea' id='block_1_11' title="bbox 420 4666 618 4735">
    <p class='ocr_par' dir='ltr' id='par_1_19' title="bbox 420 4666 618 4735">
     <span class='ocr_line' id='line_1_41' title="bbox 420 4666 618 4735; baseline 0 -15"><span class='ocrx_word' id='word_1_330' title='bbox 420 4666 495 4723; x_wconf 91' lang='lat' dir='ltr'><strong>idem</strong></span> <span class='ocrx_word' id='word_1_331' title='bbox 512 4683 540 4735; x_wconf 89' lang='lat' dir='ltr'><strong>p.</strong></span> <span class='ocrx_word' id='word_1_332' title='bbox 559 4672 618 4725; x_wconf 75' lang='grc' dir='ltr'>ιιι.</span> 
     </span>
    </p>
   </div>
   <div class='ocr_carea' id='block_1_12' title="bbox 0 0 1864 5434">
    <p class='ocr_par' dir='ltr' id='par_1_20' title="bbox 0 0 1864 5434">
     <span class='ocr_line' id='line_1_42' title="bbox 0 0 1864 5434; baseline 0 1"><span class='ocrx_word' id='word_1_333' title='bbox 0 0 1864 5434; x_wconf 95' lang='lat' dir='ltr'><strong> </strong></span> 
     </span>
    </p>
   </div>
  </div>
 </body>
</html>
