3717 5434
455 753 490 809 Α.
501 754 533 808 Ρ.
545 752 585 809 VI
597 757 648 811 tou
671 750 817 821 (Archiae)
835 745 924 815 itunae
942 747 1032 821 ἀγλαὰ
1050 752 1138 821 δῦσα,
1154 747 1315 822 vaecordia,
1333 752 1379 807 ool
1395 750 1471 825 τάδε,
1490 751 1597 826 Κύπρι,
1718 763 1719 770 ’

507 832 630 894 ὤπασαν.
666 840 706 896 VI
726 843 774 899 152
794 838 886 910 (Agis)
908 836 957 893 uui
980 832 1107 901 στάλικας
1127 838 1176 893 καὶ
1191 835 1282 907 πτηνὰ
1300 836 1445 911 impedita
1463 841 1508 896 ool
1528 837 1598 897 τάδε
1718 857 1719 904 1

506 927 623 982 Metam
646 928 731 998 Φοῖβε
840 922 997 995 ἐκρέμασεν.
1031 925 1071 982 VI
1092 928 1126 984 28
1148 925 1267 995 (Jrrnani
1288 928 1435 1000 Aegyptii)
1459 922 1597 999 ἄγκυραν,
1718 983 1719 1000 ,

507 1008 627 1083 parneio,
641 1008 791 1083 Ἐρισῦνιε,
810 1010 855 1067 ool
871 1006 938 1067 crida
955 1014 1066 1068 Baium
1083 1055 1090 1069 .
1106 1053 1132 1066 ..
1152 1012 1240 1082 piper.

483 1102 651 1169 Postremo
685 1100 823 1186 denique
856 1107 891 1167 ut
923 1101 1018 1168 huius
1051 1104 1331 1169 commentationis
1364 1124 1458 1169 meae
1488 1106 1598 1190 partis

420 1205 517 1271 linem
541 1206 660 1273 luciam
682 1225 935 1273 commemorare
958 1204 1066 1290 velim,
1092 1225 1157 1271 ono
1179 1206 1212 1272 in
1241 1208 1477 1291 epigrammate
1500 1208 1597 1277 dedi·
1718 1191 1719 1268 ἶ

421 1311 553 1395 catorio,
576 1316 653 1393 quot
669 1310 799 1394 quidem
823 1309 962 1395 inspexi,
984 1309 1183 1395 pronominis
1205 1308 1344 1375 formam
1367 1310 1427 1373 ool
1449 1313 1487 1376 in
1510 1316 1597 1397 cpi-

419 1416 653 1498 grammatis
682 1415 862 1480 exeuntis
888 1411 1026 1479 ultimo
1049 1412 1135 1478 loco
1157 1413 1297 1497 positam
1321 1433 1405 1481 esse.
1443 1415 1506 1480 Kb.
1525 1416 1594 1481 778

420 1517 519 1599 (saec.
537 1516 659 1602 ΙΙΙ-Ι)
689 1513 796 1585 Νικίας
825 1539 864 1599 pa
892 1514 1043 1601 &viduato
1062 1513 1242 1601 Ἀπόλλωνι,
1266 1516 1329 1585 υἱὸς
1353 1515 1595 1601 Θρασυμήδεος,
1718 1537 1719 1594 ,

420 1619 516 1705 ἔργων
540 1619 582 1682 ὦν
606 1618 739 1705 ὁπατὴρ
762 1618 969 1707 ἠργά(σ)σστσ
993 1619 1046 1700 τὴν
1069 1620 1201 1700 δεκάτην
1224 1641 1282 1680 σοι.

483 1722 552 1789 Νοο
575 1722 692 1789 desunt
714 1724 859 1789 carmina
882 1719 1084 1787 dedicatoria
1105 1720 1248 1806 latina,
1271 1724 1305 1787 in
1321 1742 1405 1806 quae
1427 1723 1484 1789 illa
1500 1724 1596 1791 dedi-

421 1826 560 1893 cationis
581 1826 686 1893 iorma
709 1824 836 1893 videtur
859 1826 1037 1892 transiisse.
1081 1824 1132 1889 Tu
1154 1826 1252 1908 igitur
1273 1824 1388 1893 videas
1411 1826 1509 1894 haec:

456 1929 534 1996 Βοὴ.
551 1929 614 1996 248
638 1929 682 2016 (a.
701 1930 762 1996 146
782 1950 811 1995 a.
829 1928 902 1994 Chr.
918 1927 965 2013 n.)
983 1976 990 1992 .
1008 1976 1015 1993 .
1032 1975 1040 1991 .
1056 1929 1178 2013 Viator,
1207 1929 1286 1994 tibei
1310 1930 1428 1997 Lucius
1450 1932 1597 2001 liumins

506 2032 624 2099 donum
643 2085 650 2100 .
667 2083 673 2097 .
692 2034 917 2119 ,promiserat

454 2134 532 2202 Βοὴ.
556 2134 618 2201 249
647 2137 747 2219 (saec.
770 2138 802 2201 11
819 2134 865 2221 p.)
903 2135 1016 2219 accipe
1044 2153 1128 2218 quae
1154 2136 1261 2219 pietas
1287 2137 1379 2221 ponit
1411 2138 1469 2203 tibi
1503 2138 1597 2205 dona
1718 2147 1719 2154 ’

504 2240 648 2305 merenti.

485 2348 609 2416 Eodem
632 2370 745 2417 versus
767 2350 947 2416 hexametri
971 2348 1042 2416 loco
1070 2350 1196 2415 invenis
1223 2349 1361 2416 eandem
1389 2355 1595 2437 pronominis

418 2452 571 2522 formam:
612 2453 689 2520 Βοὴ.
717 2453 780 2520 262
814 2454 1006 2539 susceptum
1040 2453 1154 2519 merito
1187 2457 1297 2518 uotum
1330 2454 1406 2539 tibi,
1438 2456 1593 2541 Mercuri,
1718 2529 1719 2538 ,

421 2557 512 2623 solui.
557 2559 639 2624 Item
661 2558 739 2623 Bch.
761 2558 824 2624 300
855 2557 956 2641 (saec.
971 2554 1087 2642 IVp.):
1115 2556 1199 2622 hanc
1226 2556 1457 2624 Constantinus
1485 2561 1593 2626 uictor
1718 2625 1719 2646 ,

417 2660 475 2725 tibi
499 2660 644 2727 condidit
664 2662 782 2729 aulam.

481 2765 589 2831 Etiam
622 2764 724 2831 altero
762 2783 874 2829 versus
911 2761 982 2829 loco
1020 2768 1128 2829 exstat
1160 2762 1265 2830 torma
1304 2765 1380 2830 tibi:
1414 2764 1492 2830 Βοὴ.
1523 2765 1592 2833 250

418 2864 518 2950 (saec.
532 2868 563 2932 Il
575 2866 638 2953 p.):
654 2864 740 2950 quod
752 2866 810 2931 tibi
820 2865 844 2954 ¹)
861 2886 919 2951 pro
935 2866 1059 2933 meritis
1073 2865 1280 2934 simulacrum
1296 2887 1451 2952 aramque
1466 2866 1588 2935 dicavi.

482 2968 559 3033 Dixi
582 2968 623 3035 de
647 2967 820 3054 exemplis:
845 2968 903 3035 sed
919 2970 946 3035 si
962 2968 1004 3035 de
1020 2971 1142 3054 origine
1159 2990 1285 3056 quoque
1301 2970 1395 3036 huius
1410 2971 1590 3038 dedicandi

418 3070 542 3137 formae
571 3073 766 3158 quaerimus,
798 3071 841 3137 ad
875 3074 1027 3155 antiquas
1055 3073 1252 3140 Graecorum
1288 3076 1493 3159 precationes
1527 3095 1592 3143 nos

417 3181 652 3260 convertamus,
674 3175 840 3259 inquibus
862 3173 942 3240 illud
965 3176 1013 3237 σοὶ
1037 3174 1174 3243 eundem
1198 3178 1230 3241 in
1251 3178 1382 3243 modum
1405 3178 1590 3244 adhibitum
1718 3263 1719 3266 Ἴ

418 3278 554 3345 videtur.

453 3379 496 3435 uf.
514 3384 542 3434 K
558 3385 609 3438 291
629 3381 766 3449 παρίσταο
785 3382 835 3435 καί
851 3400 884 3450 με
903 3375 1040 3448 wisara
1060 3381 1102 3436 σοὶ
1121 3372 1193 3436 d’uir
1212 3377 1265 3453 ἐγώ
1284 3381 1354 3452 ῥέξω
1372 3385 1449 3454 βοῦν.
1484 3385 1590 3456 Hymn.

501 3465 575 3522 hom.
597 3467 626 3522 in
643 3468 713 3525 Ven.
732 3468 771 3525 IV
792 3472 842 3527 100
860 3467 954 3538 (Abel)
977 3464 1128 3539 σσ10’ἒγώ
1149 3508 1156 3521 .
1175 3508 1182 3522 .
1199 3509 1205 3523 .
1224 3465 1320 3540 βωμὸν
1336 3465 1455 3540 ποιήσω.
1490 3471 1589 3540 Eurip.

503 3553 561 3622 lph.
585 3553 648 3609 Aul.
674 3559 741 3614 1570
768 3544 790 3609 oi
819 3560 874 3609 παῖ
899 3550 997 3624 Ζηνός,
1102 3553 1182 3622 δέξαι
1202 3550 1234 3610 τὸ
1257 3556 1336 3626 θῦμα
1359 3553 1426 3627 τόδ’,
1450 3550 1465 3611 ὃ
1488 3557 1517 3627 γέ
1542 3574 1591 3612 σοι

504 3637 689 3712 dmpuipsdu:

480 3731 583 3814 Igitur
598 3736 633 3795 ut
653 3730 789 3797 formam
805 3732 862 3795 ool
879 3734 1010 3819 saepius
1025 3734 1150 3818 primu
1166 3751 1304 3798 versus
1319 3731 1407 3798 loco
1418 3736 1588 3816 ponerent,

416 3838 533 3918 poetae
557 3834 812 3918 epigrammatici
837 3855 910 3902 mea
925 3836 1056 3920 quidem
1079 3837 1241 3901 sententia
1263 3836 1414 3901 commoti
1436 3833 1589 3899 videntur
1718 3823 1719 3826 '

417 3935 574 4021 exemplis
601 3940 747 4022 vetustis,
775 3958 859 4023 quae
886 3938 1017 4022 quidem
1045 3936 1181 4005 eandem
1215 3937 1413 4024 pronominis
1447 3937 1586 4003 formam

416 4040 465 4101 σοὶ
489 4038 651 4105 addeum
679 4043 894 4127 pertinentem
921 4045 1026 4127 primo
1055 4061 1168 4109 versus
1189 4042 1241 4107 vel
1270 4043 1429 4108 enuntiati
1456 4041 1528 4107 loco
1551 4044 1586 4106 in

417 4143 657 4227 precationibus
680 4146 828 4228 votisque
851 4145 1019 4230 praebent.

477 4244 624 4311 Eandem
641 4246 693 4313 dei
716 4249 952 4315 invocationem
977 4250 1098 4333 primo
1121 4268 1261 4315 versus
1281 4249 1368 4315 loco
1390 4247 1493 4314 habes
1516 4248 1581 4312 iam

415 4348 447 4411 in
472 4350 705 4433 epigrammate
729 4352 922 4417 saecvla.
939 4351 1060 4418 Chrn.
1106 4351 1182 4437 (Kb.
1198 4350 1291 4438 740):
1316 4349 1379 4414 ilai
1398 4350 1468 4419 Διὸς
1486 4400 1492 4412 .
1510 4400 1517 4415 .
1535 4398 1541 4412 .

603 4454 651 4516 σοὶ
674 4452 730 4537 γὰρ
755 4452 962 4538 ἐπευχόμενος
986 4456 1067 4518 τοῦτ’
1092 4455 1237 4519 ἐτέλεσσε
1260 4453 1390 4540 γράφων.

484 4606 505 4672 ¹)
536 4604 580 4659 De
612 4603 667 4659 hoc
699 4605 895 4673 pronominum
926 4607 1117 4674 personalium
1147 4624 1201 4663 usu
1230 4611 1259 4664 ct
1290 4607 1479 4663 collocatione
1508 4605 1584 4675 apud

413 4690 559 4746 Romanos
578 4690 711 4747 disseruit
730 4693 863 4761 exemplis
883 4693 1010 4749 collectis
1027 4695 1288 4766 Wackernagelius,
1307 4696 1324 4749 l.
1341 4711 1374 4764 ο,
1392 4710 1419 4763 p.
1432 4698 1484 4753 406
1503 4710 1545 4762 sq.
