3717 5434
141 4770 143 4877 l

354 750 424 829 Quo
448 751 519 817 loco
541 732 604 817 nisi
627 749 722 816 fallor
744 750 838 818 nobis
852 752 885 815 in
901 752 1089 818 memoriam
1111 757 1305 820 revocantur
1326 752 1372 818 illi
1394 752 1458 818 loci

289 856 454 923 Homerici
487 854 604 938 quibus
628 873 743 938 preces
772 852 936 920 audivisse
966 854 1046 921 deos
1077 854 1270 940 narraturl).
1320 854 1373 920 Ad
1401 854 1457 921 ad-

288 960 440 1025 ieetivum
455 958 646 1041 κατήκοος
661 955 843 1041 eligendum
857 964 955 1042 poeta
966 965 1145 1027 commotus
1157 958 1284 1027 videtur
1296 957 1457 1026 adieetivo

289 1064 448 1146 ἐπήκοος
473 1059 557 1144 quod
573 1061 702 1145 Veneri,
724 1062 862 1146 Dianae,
886 1062 994 1127 Herae
1017 1062 1183 1147 epitheton
1197 1062 1346 1129 videmus
1369 1064 1457 1128 attri-

287 1161 444 1249 butum2).
482 1163 629 1230 Eundem
652 1167 685 1229 in
709 1161 837 1231 modum
856 1164 1022 1250 Antipatri
1036 1166 1337 1233 Thessalonicensis
1357 1167 1458 1233 verba

288 1276 359 1336 orta
386 1265 536 1334 videntur
568 1266 685 1355 (epigr.
710 1267 748 1332 A.
771 1268 806 1332 Ρ.
830 1268 879 1332 IX
903 1268 981 1355 428)
1011 1269 1092 1333 ἀλλά
1125 1264 1176 1353 μοι
1208 1272 1249 1339 ὡς
1279 1270 1351 1340 θεὸς
1381 1268 1455 1333 ἔοοο

286 1373 442 1456 κατήκοος
466 1369 638 1455 εὐχομένου
661 1371 695 1433 δὲ
719 1370 818 1433 κλῦθι.

352 1492 387 1577 b)
422 1491 489 1559 Sed
517 1494 582 1557 iam
615 1498 820 1559 transeamus
852 1491 894 1557 ad
923 1493 1041 1559 aliam
1070 1490 1285 1560 dedicationis
1313 1512 1456 1580 oausam,

287 1618 385 1681 quam
401 1597 575 1683 praecipue
591 1597 861 1680 epigrammatum
876 1600 995 1681 poetae
1012 1594 1168 1662 adhibent
1182 1595 1272 1662 inde
1295 1596 1342 1661 ah
1358 1617 1457 1662 aevo

286 1699 574 1767 Alexandrino:
598 1695 670 1763 dieo
695 1704 947 1765 senectutem.

351 1804 456 1887 Atque
479 1804 617 1887 primum
640 1800 770 1885 quidem
793 1801 877 1867 hanc
892 1799 1108 1868 dedicationis
1129 1821 1261 1868 eausam
1284 1805 1456 1888 participio

287 1909 401 1992 λήξας
425 1905 517 1973 vides
540 1902 765 1989 significatam.
810 1905 902 1972 Haeo
924 1906 1030 1972 habeo
1054 1906 1219 1992 exempla:

323 2011 357 2065 A.
376 2011 409 2065 Ρ.
425 2009 463 2065 Vl
479 2013 514 2067 46
533 2007 686 2076 (Antipatri
704 2006 822 2077 Sidonii)
846 2003 980 2078 enitemur
998 2050 1005 2064 .
1023 2049 1029 2061 .
1048 2052 1054 2065 .
1074 2007 1221 2079 Φερένικος
1239 2003 1352 2082 Ἀθάνᾳ,
1374 2004 1458 2077 λήξας

373 2093 563 2165 καὶπολέμου
590 2094 637 2148 καὶ
662 2092 793 2163 θυμέλας,
820 2092 912 2149 ἔθετο.
952 2095 1114 2151 Imitatione
1141 2092 1265 2150 fortasse
1292 2099 1385 2150 ortum
1413 2100 1457 2151 est

375 2184 549 2253 epigramma
574 2181 619 2250 (A.
636 2182 667 2237 P.
685 2181 724 2237 Vl
742 2186 776 2239 90
804 2180 926 2252 Philippi
950 2180 1225 2251 Thessalonicensis)
1252 2175 1375 2251 ἄγκυραν
1398 2222 1403 2234 .
1423 2223 1456 2238 ..

371 2266 504 2340 ’Λσχικλῆς
522 2267 617 2339 ἔθηκε,
634 2262 716 2337 λήξας
733 2269 781 2336 τῆς
799 2264 846 2322 ἀπ’
863 2261 959 2341 ᾐόνων
977 2261 1050 2337 ἄλης.

352 2377 519 2455 Quaenam
543 2374 662 2441 fuerint
690 2373 770 2439 alia
791 2373 914 2440 rerba
937 2374 1053 2456 quibus
1081 2374 1138 2440 illa
1161 2374 1334 2441 dedicandi
1357 2395 1457 2443 causa

287 2484 330 2549 sit
358 2486 524 2565 concepta,
558 2479 586 2544 si
620 2498 705 2543 nnnc
737 2477 933 2561 quaerimus,
968 2478 1109 2543 maxime
1143 2476 1290 2545 videmus
1323 2478 1456 2544 verbum

286 2584 477 2648 παύεσθαι
506 2580 695 2648 adhibitum.
738 2582 917 2667 Aptissima
945 2599 1078 2664 prorsus
1103 2579 1147 2645 ad
1174 2585 1310 2646 metmm
1340 2588 1373 2646 et
1394 2581 1457 2647 hac

293 2691 367 2774 ipsa
395 2686 436 2753 de
464 2706 564 2752 cansa
591 2685 804 2752 usitatissima
831 2689 904 2749 sunt
932 2684 1001 2750 eius
1023 2683 1114 2748 verbi
1139 2684 1330 2769 participia:
1363 2706 1455 2747 παυ-

286 2791 424 2876 όμενος
448 2796 481 2857 et
503 2792 752 2870 παυσάμενος.
799 2786 972 2854 Conferas:

321 2893 355 2947 A.
368 2893 400 2947 P.
413 2892 451 2948 Vl
463 2895 515 2951 205
532 2890 686 2960 (Leonidae
698 2890 855 2958 Tarentini)
875 2887 904 2943 ἐκ
921 2888 1017 2957 τέχνας
1034 2885 1143 2959 θήκατο
1158 2886 1323 2959 παυόμενος.
1352 2889 1392 2946 Vl
1404 2893 1456 2947 204

374 2977 511 3049 (eiusdem
530 2978 666 3047 auctoris)
686 2974 716 3032 ἐκ
733 2975 829 3046 τέχνας
847 2969 952 3031 hveme
969 2971 1155 3045 παυσάμενος.

350 3085 458 3150 Etiam
473 3084 642 3169 compositi
666 3081 934 3147 decredendum
956 3083 1096 3149 formam
1120 3082 1233 3149 metri
1255 3102 1376 3151 cansa
1398 3081 1455 3148 ad-

285 3187 422 3254 hibitam
443 3185 550 3254 vides:

324 3292 363 3359 A.
378 3293 414 3356 P.
431 3292 475 3357 Vi
496 3291 538 3356 62
567 3288 721 3375 (Philippi
750 3288 1064 3377 Thessalonicensis)
1098 3286 1292 3373 Καλλιμένης
1317 3288 1457 3361 Μούσαις

372 3395 629 3478 ἀποααυοάμενος
653 3394 802 3475 καμάτοιο
825 3392 931 3477 θῆκεν.

349 3516 388 3580 in
412 3514 521 3581 multis
550 3513 643 3579 huius
670 3514 800 3596 generis
828 3514 1073 3598 epigrammatis
1098 3513 1202 3581 habes
1229 3512 1394 3579 eundem
1418 3520 1455 3579 et

285 3619 527 3705 pentametri
550 3622 587 3682 et
610 3618 908 3701 epigrammatis
936 3618 1066 3701 ipsius
1090 3619 1237 3683 exitum
1260 3617 1368 3683 verbis
1391 3616 1454 3682 lor·

286 3728 423 3789 malum:
446 3723 687 3802 παυσάμενος
710 3722 897 3803 καμάτων.

320 3826 355 3880 Α.
368 3827 400 3879 Ρ.
412 3825 450 3880 Vl
468 3826 519 3881 289
538 3822 702 3891 (Leonidae)
725 3823 827 3891 θῆκαν,
841 3816 991 3884 Ἀθαναίας
1007 3816 1183 3891 παυσάμεναι
1200 3820 1338 3891 καμάτων.
1374 3823 1410 3878 A.
1421 3824 1453 3893 P,

374 3912 460 3970 V195
473 3909 631 3979 (Antiphili)
649 3905 767 3979 Πάμμις,
786 3904 909 3978 άνιηρῶν
920 3901 1099 3978 παυσάμενος
1110 3901 1250 3977 καμάτων.
1281 3909 1316 3963 A.
1329 3909 1408 3966 P.V1
1420 3913 1454 3966 73

373 3996 543 4067 (Macedonii
564 3995 704 4065 Consulis)
731 3991 816 4065 γήραϊ
836 3997 987 4065 ποιμενίων
1007 3990 1184 4064 παυσάμενος
1201 3991 1340 4064 καμάτων.
1376 3995 1410 4049 A.
1422 3997 1454 4049 P.

372 4086 410 4140 Vl
422 4088 457 4142 30
476 4083 644 4152 (Macedonii
663 4082 804 4149 Consulis)

557 4171 675 4226 Δίκτυυν
695 4210 740 4224 ...
762 4165 835 4238 ἀμφὶ
852 4171 962 4240 τριαίνῃ

557 4258 622 4325 δῆσε
640 4255 736 4326 γέρων,
756 4253 841 4310 ἁλίαν
858 4252 1035 4326 παυσάμενος
1052 4251 1192 4326 καμάτων.

374 4344 468 4401 Simile
498 4347 554 4398 est:
584 4343 618 4397 A.
635 4344 667 4397 P.
689 4343 727 4399 VI
747 4347 796 4401 159
825 4342 978 4412 (Antipatri
1002 4342 1119 4411 Sidonii)
1143 4336 1376 4409 Ἆ...σάλπιςξ
1396 4380 1402 4393 .
1422 4382 1453 4395 ..

377 4428 504 4501 ἄγκειμαι
522 4471 528 4484 .
548 4471 554 4483 .
574 4470 581 4484 .
599 4430 699 4499 δῶρον,
718 4424 868 4499 ἐριβμάχων
885 4430 1048 4500 παυσαμένα
1065 4426 1195 4483 κελάδων.

355 4604 376 4670 ¹)
395 4602 488 4657 Locos
507 4600 561 4656 huc
580 4604 743 4670 spectantes
762 4600 890 4669 collegit:
909 4601 1020 4670 Ziegler
1038 4617 1065 4670 p.
1084 4607 1126 4659 61.

353 4690 375 4758 ¹)
396 4688 438 4743 Of.
457 4687 567 4757 Ziegler
584 4703 611 4756 p.
630 4692 661 4744 61
682 4702 724 4755 sq.
