<?xml version="1.0" encoding="UTF-8"?>
<!DOCTYPE html PUBLIC "-//W3C//DTD XHTML 1.0 Transitional//EN"
    "http://www.w3.org/TR/xhtml1/DTD/xhtml1-transitional.dtd">
<html xmlns="http://www.w3.org/1999/xhtml" xml:lang="en" lang="en">
 <head>
  <title>
</title>
<meta http-equiv="Content-Type" content="text/html;charset=utf-8" />
  <meta name='ocr-system' content='tesseract 3.04.00' />
  <meta name='ocr-capabilities' content='ocr_page ocr_carea ocr_par ocr_line ocrx_word'/>
</head>
<body>
  <div class='ocr_page' id='page_1' title='image "./topicaepigramma00kuehgoog_0056.png"; bbox 0 0 3717 5434; ppageno 0'>
   <div class='ocr_carea' id='block_1_1' title="bbox 991 569 1036 635">
    <p class='ocr_par' dir='ltr' id='par_1_1' title="bbox 991 569 1036 635">
     <span class='ocr_line' id='line_1_1' title="bbox 991 569 1036 635; baseline 0 0"><span class='ocrx_word' id='word_1_1' title='bbox 991 569 1036 635; x_wconf 80' lang='lat'>48</span> 
     </span>
    </p>
   </div>
   <div class='ocr_carea' id='block_1_2' title="bbox 423 738 1712 1447">
    <p class='ocr_par' dir='ltr' id='par_1_2' title="bbox 423 738 1712 1447">
     <span class='ocr_line' id='line_1_2' title="bbox 423 738 1593 827; baseline -0.009 -18"><span class='ocrx_word' id='word_1_2' title='bbox 423 749 511 811; x_wconf 88' lang='lat' dir='ltr'>esset</span> <span class='ocrx_word' id='word_1_3' title='bbox 534 746 657 827; x_wconf 81' lang='grc' dir='ltr'><strong><em>μνῆμα</em></strong></span> <span class='ocrx_word' id='word_1_4' title='bbox 685 739 747 805; x_wconf 90' lang='lat' dir='ltr'>dei</span> <span class='ocrx_word' id='word_1_5' title='bbox 775 740 1057 823; x_wconf 76' lang='lat' dir='ltr'>benignitatis,</span> <span class='ocrx_word' id='word_1_6' title='bbox 1086 744 1153 804; x_wconf 88' lang='lat' dir='ltr'>tam</span> <span class='ocrx_word' id='word_1_7' title='bbox 1175 743 1284 805; x_wconf 85' lang='lat' dir='ltr'>aotam</span> <span class='ocrx_word' id='word_1_8' title='bbox 1307 738 1444 805; x_wconf 85' lang='lat' dir='ltr'>utillud</span> <span class='ocrx_word' id='word_1_9' title='bbox 1471 743 1593 821; x_wconf 78' lang='grc' dir='ltr'><strong><em>μνῆμα</em></strong></span> 
     </span>
     <span class='ocr_line' id='line_1_3' title="bbox 424 840 1711 927; baseline -0.002 -16"><span class='ocrx_word' id='word_1_10' title='bbox 424 845 656 912; x_wconf 71' lang='lat' dir='ltr'>dedicantis</span> <span class='ocrx_word' id='word_1_11' title='bbox 670 845 839 927; x_wconf 87' lang='lat' dir='ltr'>gratiam</span> <span class='ocrx_word' id='word_1_12' title='bbox 855 844 895 908; x_wconf 94' lang='lat' dir='ltr'>in</span> <span class='ocrx_word' id='word_1_13' title='bbox 910 842 1005 910; x_wconf 91' lang='lat' dir='ltr'>deos</span> <span class='ocrx_word' id='word_1_14' title='bbox 1021 840 1189 909; x_wconf 89' lang='lat' dir='ltr'>indicaret.</span> <span class='ocrx_word' id='word_1_15' title='bbox 1223 842 1470 927; x_wconf 69' lang='lat' dir='ltr'>Epigrammata</span> <span class='ocrx_word' id='word_1_16' title='bbox 1485 848 1594 908; x_wconf 88' lang='lat' dir='ltr'>autem</span> <span class='ocrx_word' id='word_1_17' title='bbox 1710 903 1711 908; x_wconf 75' lang='grc'>,</span> 
     </span>
     <span class='ocr_line' id='line_1_4' title="bbox 424 944 1594 1033; baseline -0.005 -19"><span class='ocrx_word' id='word_1_18' title='bbox 424 948 627 1015; x_wconf 79' lang='lat' dir='ltr'>dedicatoria</span> <span class='ocrx_word' id='word_1_19' title='bbox 643 952 795 1013; x_wconf 87' lang='lat' dir='ltr'>accurate</span> <span class='ocrx_word' id='word_1_20' title='bbox 811 946 984 1033; x_wconf 89' lang='lat' dir='ltr'>perlegens</span> <span class='ocrx_word' id='word_1_21' title='bbox 1005 946 1094 1011; x_wconf 87' lang='lat' dir='ltr'>illam</span> <span class='ocrx_word' id='word_1_22' title='bbox 1109 945 1186 1012; x_wconf 93' lang='lat' dir='ltr'>doni</span> <span class='ocrx_word' id='word_1_23' title='bbox 1209 944 1479 1030; x_wconf 86' lang='lat' dir='ltr'>significationem</span> <span class='ocrx_word' id='word_1_24' title='bbox 1495 946 1594 1010; x_wconf 87' lang='lat' dir='ltr'>etiarn</span> 
     </span>
     <span class='ocr_line' id='line_1_5' title="bbox 425 1048 1595 1133; baseline -0.005 -16"><span class='ocrx_word' id='word_1_25' title='bbox 425 1050 605 1117; x_wconf 86' lang='lat' dir='ltr'>adhibitam</span> <span class='ocrx_word' id='word_1_26' title='bbox 632 1048 699 1115; x_wconf 90' lang='lat' dir='ltr'>vidi</span> <span class='ocrx_word' id='word_1_27' title='bbox 727 1052 774 1117; x_wconf 86' lang='lat' dir='ltr'>ita</span> <span class='ocrx_word' id='word_1_28' title='bbox 795 1056 831 1115; x_wconf 92' lang='lat' dir='ltr'>ut</span> <span class='ocrx_word' id='word_1_29' title='bbox 858 1048 1050 1115; x_wconf 80' lang='lat' dir='ltr'>dedicantes</span> <span class='ocrx_word' id='word_1_30' title='bbox 1079 1054 1259 1116; x_wconf 88' lang='lat' dir='ltr'>statuerent</span> <span class='ocrx_word' id='word_1_31' title='bbox 1284 1054 1410 1133; x_wconf 79' lang='grc' dir='ltr'><strong><em>μνῆμα</em></strong></span> <span class='ocrx_word' id='word_1_32' title='bbox 1438 1050 1595 1133; x_wconf 92' lang='lat' dir='ltr'>imperii</span> 
     </span>
     <span class='ocr_line' id='line_1_6' title="bbox 425 1149 1712 1239; baseline -0.004 -18"><span class='ocrx_word' id='word_1_33' title='bbox 425 1162 480 1221; x_wconf 89' lang='lat' dir='ltr'>aut</span> <span class='ocrx_word' id='word_1_34' title='bbox 504 1156 601 1219; x_wconf 88' lang='lat' dir='ltr'>artis</span> <span class='ocrx_word' id='word_1_35' title='bbox 625 1173 719 1219; x_wconf 87' lang='lat' dir='ltr'>suae</span> <span class='ocrx_word' id='word_1_36' title='bbox 743 1162 799 1219; x_wconf 89' lang='lat' dir='ltr'>aut</span> <span class='ocrx_word' id='word_1_37' title='bbox 821 1154 995 1219; x_wconf 89' lang='lat' dir='ltr'>laborum</span> <span class='ocrx_word' id='word_1_38' title='bbox 1017 1171 1099 1237; x_wconf 88' lang='lat' dir='ltr'>quos</span> <span class='ocrx_word' id='word_1_39' title='bbox 1120 1154 1268 1239; x_wconf 90' lang='lat' dir='ltr'>perpessi</span> <span class='ocrx_word' id='word_1_40' title='bbox 1288 1159 1391 1218; x_wconf 88' lang='lat' dir='ltr'>erant.</span> <span class='ocrx_word' id='word_1_41' title='bbox 1435 1149 1596 1236; x_wconf 81' lang='lat' dir='ltr'>Exempla</span> <span class='ocrx_word' id='word_1_42' title='bbox 1711 1229 1712 1232; x_wconf 8' lang='grc' dir='ltr'><strong>Ἴ</strong></span> 
     </span>
     <span class='ocr_line' id='line_1_7' title="bbox 425 1251 1712 1342; baseline -0.008 -18"><span class='ocrx_word' id='word_1_43' title='bbox 425 1264 518 1324; x_wconf 89' lang='lat' dir='ltr'>sunto</span> <span class='ocrx_word' id='word_1_44' title='bbox 533 1257 631 1323; x_wconf 89' lang='lat' dir='ltr'>hacc:</span> <span class='ocrx_word' id='word_1_45' title='bbox 655 1258 817 1342; x_wconf 91' lang='lat' dir='ltr'>lmperii</span> <span class='ocrx_word' id='word_1_46' title='bbox 834 1258 989 1341; x_wconf 90' lang='lat' dir='ltr'>signum</span> <span class='ocrx_word' id='word_1_47' title='bbox 1005 1261 1129 1322; x_wconf 83' lang='lat' dir='ltr'>exstat:</span> <span class='ocrx_word' id='word_1_48' title='bbox 1144 1256 1264 1322; x_wconf 84' lang='lat' dir='ltr'>Hoffm.</span> <span class='ocrx_word' id='word_1_49' title='bbox 1280 1255 1345 1321; x_wconf 83' lang='lat'>238</span> <span class='ocrx_word' id='word_1_50' title='bbox 1360 1256 1419 1337; x_wconf 91' lang='lat' dir='ltr'>(Vl</span> <span class='ocrx_word' id='word_1_51' title='bbox 1432 1254 1466 1340; x_wconf 88' lang='lat' dir='ltr'>a)</span> <span class='ocrx_word' id='word_1_52' title='bbox 1484 1251 1596 1336; x_wconf 75' lang='lat' dir='ltr'>lloippc</span> <span class='ocrx_word' id='word_1_53' title='bbox 1711 1251 1712 1258; x_wconf 77' lang='grc'>’</span> 
     </span>
     <span class='ocr_line' id='line_1_8' title="bbox 425 1357 1154 1447; baseline -0.004 -23"><span class='ocrx_word' id='word_1_54' title='bbox 425 1361 495 1425; x_wconf 83' lang='grc' dir='ltr'>τόόε</span> <span class='ocrx_word' id='word_1_55' title='bbox 518 1360 578 1444; x_wconf 45' lang='lat' dir='ltr'>hil:</span> <span class='ocrx_word' id='word_1_56' title='bbox 603 1362 700 1445; x_wconf 77' lang='grc' dir='ltr'><strong><em>ἀρχῆς</em></strong></span> <span class='ocrx_word' id='word_1_57' title='bbox 728 1357 957 1447; x_wconf 82' lang='grc' dir='ltr'><strong><em>[Ιειαίοτ[ροτος</em></strong></span> <span class='ocrx_word' id='word_1_58' title='bbox 974 1408 982 1425; x_wconf 93' lang='grc'><strong>.</strong></span> <span class='ocrx_word' id='word_1_59' title='bbox 999 1408 1007 1425; x_wconf 93' lang='grc'><strong>.</strong></span> <span class='ocrx_word' id='word_1_60' title='bbox 1024 1408 1032 1424; x_wconf 90' lang='grc'><strong>.</strong></span> <span class='ocrx_word' id='word_1_61' title='bbox 1049 1360 1154 1443; x_wconf 75' lang='grc' dir='ltr'><strong>θῆκεν.</strong></span> 
     </span>
    </p>
   </div>
   <div class='ocr_carea' id='block_1_3' title="bbox 425 1478 1601 2327">
    <p class='ocr_par' dir='ltr' id='par_1_3' title="bbox 488 1478 1363 1547">
     <span class='ocr_line' id='line_1_9' title="bbox 488 1478 1363 1547; baseline -0.002 -1"><span class='ocrx_word' id='word_1_62' title='bbox 488 1481 626 1547; x_wconf 87' lang='lat' dir='ltr'>Altera</span> <span class='ocrx_word' id='word_1_63' title='bbox 648 1499 769 1546; x_wconf 87' lang='lat' dir='ltr'>causa</span> <span class='ocrx_word' id='word_1_64' title='bbox 793 1481 903 1547; x_wconf 89' lang='lat' dir='ltr'>subest</span> <span class='ocrx_word' id='word_1_65' title='bbox 926 1480 977 1546; x_wconf 88' lang='lat' dir='ltr'>bis</span> <span class='ocrx_word' id='word_1_66' title='bbox 1000 1478 1217 1547; x_wconf 82' lang='lat' dir='ltr'>dedicationis</span> <span class='ocrx_word' id='word_1_67' title='bbox 1239 1479 1363 1545; x_wconf 87' lang='lat' dir='ltr'>verbis:</span> 
     </span>
    </p>

    <p class='ocr_par' dir='ltr' id='par_1_4' title="bbox 460 1592 1600 2104">
     <span class='ocr_line' id='line_1_10' title="bbox 460 1592 1599 1669; baseline -0.002 -16"><span class='ocrx_word' id='word_1_68' title='bbox 460 1600 513 1655; x_wconf 84' lang='lat' dir='ltr'>Kb.</span> <span class='ocrx_word' id='word_1_69' title='bbox 533 1605 584 1658; x_wconf 77' lang='lat'>744</span> <span class='ocrx_word' id='word_1_70' title='bbox 612 1602 698 1667; x_wconf 86' lang='lat' dir='ltr'>(saec.</span> <span class='ocrx_word' id='word_1_71' title='bbox 718 1598 742 1649; x_wconf 93' lang='lat' dir='ltr'>V</span> <span class='ocrx_word' id='word_1_72' title='bbox 759 1604 795 1666; x_wconf 77' lang='lat' dir='ltr'>a)</span> <span class='ocrx_word' id='word_1_73' title='bbox 823 1599 993 1669; x_wconf 74' lang='grc' dir='ltr'><strong><em>Πραξιτέλης</em></strong></span> <span class='ocrx_word' id='word_1_74' title='bbox 1021 1595 1145 1668; x_wconf 68' lang='grc' dir='ltr'>ἀνέθηκε</span> <span class='ocrx_word' id='word_1_75' title='bbox 1163 1642 1170 1655; x_wconf 92' lang='grc'><strong>.</strong></span> <span class='ocrx_word' id='word_1_76' title='bbox 1188 1638 1195 1652; x_wconf 89' lang='grc'><strong>.</strong></span> <span class='ocrx_word' id='word_1_77' title='bbox 1211 1635 1222 1655; x_wconf 89' lang='grc'><strong>.</strong></span> <span class='ocrx_word' id='word_1_78' title='bbox 1240 1592 1348 1668; x_wconf 71' lang='grc' dir='ltr'><strong><em>ἄγαλμα</em></strong></span> <span class='ocrx_word' id='word_1_79' title='bbox 1375 1599 1477 1653; x_wconf 71' lang='lat' dir='ltr'>asilos</span> <span class='ocrx_word' id='word_1_80' title='bbox 1503 1598 1599 1668; x_wconf 75' lang='grc' dir='ltr'><strong><em>μνᾶμα</em></strong></span> 
     </span>
     <span class='ocr_line' id='line_1_11' title="bbox 509 1681 1532 1755; baseline -0.001 -17"><span class='ocrx_word' id='word_1_81' title='bbox 509 1681 569 1741; x_wconf 76' lang='grc' dir='ltr'>τόδ’</span> <span class='ocrx_word' id='word_1_82' title='bbox 587 1684 640 1740; x_wconf 73' lang='grc' dir='ltr'>ἔστ’</span> <span class='ocrx_word' id='word_1_83' title='bbox 658 1681 760 1755; x_wconf 74' lang='grc' dir='ltr'><strong><em>ἀρετᾶς</em></strong></span> <span class='ocrx_word' id='word_1_84' title='bbox 767 1688 796 1753; x_wconf 86' lang='lat'>¹).</span> <span class='ocrx_word' id='word_1_85' title='bbox 832 1688 878 1741; x_wconf 87' lang='lat' dir='ltr'>Pr.</span> <span class='ocrx_word' id='word_1_86' title='bbox 897 1690 948 1744; x_wconf 94' lang='grc'><strong>100</strong></span> <span class='ocrx_word' id='word_1_87' title='bbox 966 1689 1053 1754; x_wconf 83' lang='lat' dir='ltr'>(saec.</span> <span class='ocrx_word' id='word_1_88' title='bbox 1071 1686 1151 1755; x_wconf 83' lang='lat' dir='ltr'>Va.)</span> <span class='ocrx_word' id='word_1_89' title='bbox 1173 1686 1270 1755; x_wconf 66' lang='lat' dir='ltr'>Macip&#39;</span> <span class='ocrx_word' id='word_1_90' title='bbox 1289 1682 1390 1755; x_wconf 73' lang='grc' dir='ltr'><strong><em>ἀρετᾶς</em></strong></span> <span class='ocrx_word' id='word_1_91' title='bbox 1407 1682 1532 1753; x_wconf 72' lang='grc' dir='ltr'>ἀνέθηκε</span> 
     </span>
     <span class='ocr_line' id='line_1_12' title="bbox 514 1771 1599 1843; baseline -0.003 -15"><span class='ocrx_word' id='word_1_92' title='bbox 514 1774 684 1837; x_wconf 75' lang='grc' dir='ltr'><strong><em>Παυσανίας.</em></strong></span> <span class='ocrx_word' id='word_1_93' title='bbox 721 1774 751 1827; x_wconf 95' lang='lat' dir='ltr'>ln</span> <span class='ocrx_word' id='word_1_94' title='bbox 772 1771 816 1828; x_wconf 92' lang='lat' dir='ltr'>his</span> <span class='ocrx_word' id='word_1_95' title='bbox 835 1773 1047 1843; x_wconf 80' lang='lat' dir='ltr'>epigrammatis</span> <span class='ocrx_word' id='word_1_96' title='bbox 1070 1774 1195 1828; x_wconf 84' lang='lat' dir='ltr'>tortasse</span> <span class='ocrx_word' id='word_1_97' title='bbox 1213 1773 1371 1827; x_wconf 87' lang='lat' dir='ltr'>enumerari</span> <span class='ocrx_word' id='word_1_98' title='bbox 1388 1776 1486 1841; x_wconf 88' lang='lat' dir='ltr'>potest</span> <span class='ocrx_word' id='word_1_99' title='bbox 1507 1771 1599 1839; x_wconf 80' lang='lat' dir='ltr'>„Ana-</span> 
     </span>
     <span class='ocr_line' id='line_1_13' title="bbox 512 1849 1600 1930; baseline -0.005 -15"><span class='ocrx_word' id='word_1_100' title='bbox 512 1860 649 1916; x_wconf 83' lang='lat' dir='ltr'>creontis“</span> <span class='ocrx_word' id='word_1_101' title='bbox 665 1860 839 1930; x_wconf 85' lang='lat' dir='ltr'>epigramma</span> <span class='ocrx_word' id='word_1_102' title='bbox 852 1860 896 1927; x_wconf 83' lang='lat' dir='ltr'>(A.</span> <span class='ocrx_word' id='word_1_103' title='bbox 905 1862 936 1914; x_wconf 92' lang='lat' dir='ltr'>P.</span> <span class='ocrx_word' id='word_1_104' title='bbox 946 1860 985 1915; x_wconf 91' lang='lat' dir='ltr'>Vl</span> <span class='ocrx_word' id='word_1_105' title='bbox 1000 1863 1059 1928; x_wconf 83' lang='grc'><strong>185)</strong></span> <span class='ocrx_word' id='word_1_106' title='bbox 1081 1849 1170 1923; x_wconf 70' lang='grc' dir='ltr'><strong><em>Οὗτος</em></strong></span> <span class='ocrx_word' id='word_1_107' title='bbox 1189 1854 1308 1914; x_wconf 71' lang='lat' dir='ltr'>desidia</span> <span class='ocrx_word' id='word_1_108' title='bbox 1324 1860 1408 1919; x_wconf 78' lang='grc' dir='ltr'><strong><em>ΐπιιος</em></strong></span> <span class='ocrx_word' id='word_1_109' title='bbox 1421 1852 1600 1927; x_wconf 71' lang='lat' dir='ltr'>...tipasam</span> 
     </span>
     <span class='ocr_line' id='line_1_14' title="bbox 517 1942 1599 2021; baseline -0.004 -19"><span class='ocrx_word' id='word_1_110' title='bbox 517 1949 653 2021; x_wconf 74' lang='lat' dir='ltr'>Kpovidp,</span> <span class='ocrx_word' id='word_1_111' title='bbox 670 1948 765 2017; x_wconf 74' lang='grc' dir='ltr'><strong><em>μνᾶμα</em></strong></span> <span class='ocrx_word' id='word_1_112' title='bbox 783 1948 880 2003; x_wconf 70' lang='grc' dir='ltr'><strong><em>ποδοῖν</em></strong></span> <span class='ocrx_word' id='word_1_113' title='bbox 897 1942 1004 2015; x_wconf 65' lang='lat' dir='ltr'>uiperae.</span> <span class='ocrx_word' id='word_1_114' title='bbox 1041 1946 1136 2003; x_wconf 83' lang='lat' dir='ltr'>Simile</span> <span class='ocrx_word' id='word_1_115' title='bbox 1154 1946 1407 2002; x_wconf 66' lang='lat' dir='ltr'>exstruamur</span> <span class='ocrx_word' id='word_1_116' title='bbox 1426 1950 1474 2003; x_wconf 86' lang='lat'>140</span> <span class='ocrx_word' id='word_1_117' title='bbox 1492 1944 1599 2013; x_wconf 84' lang='lat' dir='ltr'>(,Ana-</span> 
     </span>
     <span class='ocr_line' id='line_1_15' title="bbox 511 2028 1467 2104; baseline 0.001 -16"><span class='ocrx_word' id='word_1_118' title='bbox 511 2034 663 2101; x_wconf 74' lang='lat' dir='ltr'>creontis¹⁴l</span> <span class='ocrx_word' id='word_1_119' title='bbox 682 2072 729 2089; x_wconf 85' lang='lat'>...</span> <span class='ocrx_word' id='word_1_120' title='bbox 748 2028 870 2102; x_wconf 71' lang='grc' dir='ltr'>ἀνέθηκε</span> <span class='ocrx_word' id='word_1_121' title='bbox 887 2033 1041 2097; x_wconf 64' lang='grc' dir='ltr'><strong><em>Μέλανθος</em></strong></span> <span class='ocrx_word' id='word_1_122' title='bbox 1058 2036 1152 2104; x_wconf 69' lang='grc' dir='ltr'><strong><em>μνᾶμα</em></strong></span> <span class='ocrx_word' id='word_1_123' title='bbox 1169 2034 1256 2102; x_wconf 73' lang='grc' dir='ltr'><strong><em>χοροῦ</em></strong></span> <span class='ocrx_word' id='word_1_124' title='bbox 1273 2035 1361 2097; x_wconf 71' lang='grc' dir='ltr'>νίκας.</span> <span class='ocrx_word' id='word_1_125' title='bbox 1461 2050 1467 2062; x_wconf 90' lang='grc'><strong>’</strong></span> 
     </span>
    </p>

    <p class='ocr_par' dir='ltr' id='par_1_5' title="bbox 425 2139 1601 2327">
     <span class='ocr_line' id='line_1_16' title="bbox 488 2139 1601 2225; baseline 0.001 -22"><span class='ocrx_word' id='word_1_126' title='bbox 488 2140 662 2205; x_wconf 80' lang='lat' dir='ltr'>Tertiam</span> <span class='ocrx_word' id='word_1_127' title='bbox 685 2147 794 2205; x_wconf 90' lang='lat' dir='ltr'>autem</span> <span class='ocrx_word' id='word_1_128' title='bbox 817 2158 927 2206; x_wconf 90' lang='lat' dir='ltr'>earum</span> <span class='ocrx_word' id='word_1_129' title='bbox 951 2159 1034 2223; x_wconf 88' lang='lat' dir='ltr'>quas</span> <span class='ocrx_word' id='word_1_130' title='bbox 1055 2158 1156 2225; x_wconf 88' lang='lat' dir='ltr'>supra</span> <span class='ocrx_word' id='word_1_131' title='bbox 1175 2139 1268 2205; x_wconf 88' lang='lat' dir='ltr'>attuli</span> <span class='ocrx_word' id='word_1_132' title='bbox 1284 2158 1455 2206; x_wconf 88' lang='lat' dir='ltr'>causarum</span> <span class='ocrx_word' id='word_1_133' title='bbox 1470 2140 1601 2204; x_wconf 90' lang='lat' dir='ltr'>invenis</span> 
     </span>
     <span class='ocr_line' id='line_1_17' title="bbox 425 2242 1023 2327; baseline 0.008 -23"><span class='ocrx_word' id='word_1_134' title='bbox 425 2243 456 2305; x_wconf 93' lang='lat' dir='ltr'>in</span> <span class='ocrx_word' id='word_1_135' title='bbox 479 2242 530 2306; x_wconf 93' lang='lat' dir='ltr'>his</span> <span class='ocrx_word' id='word_1_136' title='bbox 553 2244 797 2325; x_wconf 88' lang='lat' dir='ltr'>epigrammatis</span> <span class='ocrx_word' id='word_1_137' title='bbox 820 2261 1023 2327; x_wconf 83' lang='lat' dir='ltr'>expressam:</span> 
     </span>
    </p>
   </div>
   <div class='ocr_carea' id='block_1_4' title="bbox 459 2354 1600 2432">
    <p class='ocr_par' dir='ltr' id='par_1_6' title="bbox 459 2309 1715 2446">
     <span class='ocr_line' id='line_1_18' title="bbox 459 2354 1600 2432; baseline 0.002 -19"><span class='ocrx_word' id='word_1_138' title='bbox 459 2360 512 2415; x_wconf 90' lang='lat' dir='ltr'>Kb.</span> <span class='ocrx_word' id='word_1_139' title='bbox 526 2364 576 2419; x_wconf 81' lang='grc'><strong>752</strong></span> <span class='ocrx_word' id='word_1_140' title='bbox 596 2362 683 2427; x_wconf 85' lang='lat' dir='ltr'>(saco.</span> <span class='ocrx_word' id='word_1_141' title='bbox 697 2362 722 2417; x_wconf 93' lang='lat' dir='ltr'>V</span> <span class='ocrx_word' id='word_1_142' title='bbox 736 2363 771 2430; x_wconf 80' lang='lat' dir='ltr'>a)</span> <span class='ocrx_word' id='word_1_143' title='bbox 790 2362 882 2432; x_wconf 78' lang='grc' dir='ltr'><strong><em>μνῆμα</em></strong></span> <span class='ocrx_word' id='word_1_144' title='bbox 901 2357 996 2416; x_wconf 74' lang='grc' dir='ltr'><strong><em>πόνοι</em></strong></span> <span class='ocrx_word' id='word_1_145' title='bbox 1007 2354 1109 2430; x_wconf 68' lang='grc' dir='ltr'><strong><em>Ἄρεος.</em></strong></span> <span class='ocrx_word' id='word_1_146' title='bbox 1140 2362 1193 2416; x_wconf 90' lang='lat' dir='ltr'>Kb.</span> <span class='ocrx_word' id='word_1_147' title='bbox 1207 2366 1258 2421; x_wconf 79' lang='grc'><strong>’168</strong></span> <span class='ocrx_word' id='word_1_148' title='bbox 1276 2364 1363 2431; x_wconf 85' lang='lat' dir='ltr'>(saec.</span> <span class='ocrx_word' id='word_1_149' title='bbox 1374 2362 1413 2417; x_wconf 95' lang='lat' dir='ltr'>lV</span> <span class='ocrx_word' id='word_1_150' title='bbox 1426 2362 1464 2429; x_wconf 81' lang='lat' dir='ltr'>a)</span> <span class='ocrx_word' id='word_1_151' title='bbox 1477 2362 1600 2431; x_wconf 72' lang='grc' dir='ltr'><strong><em>πολέμου</em></strong></span> 
     </span>
    </p>
   </div>
   <div class='ocr_carea' id='block_1_5' title="bbox 514 2443 1715 2518">
    <p class='ocr_par' dir='ltr' id='par_1_7' title="bbox 514 2443 1715 2518">
     <span class='ocr_line' id='line_1_19' title="bbox 514 2443 1715 2518; baseline -0.017 -2"><span class='ocrx_word' id='word_1_152' title='bbox 514 2448 615 2517; x_wconf 60' lang='lat' dir='ltr'>lmllbss·</span> <span class='ocrx_word' id='word_1_153' title='bbox 650 2450 698 2503; x_wconf 88' lang='lat' dir='ltr'>Pr·</span> <span class='ocrx_word' id='word_1_154' title='bbox 710 2452 744 2507; x_wconf 87' lang='grc'>86</span> <span class='ocrx_word' id='word_1_155' title='bbox 757 2449 883 2516; x_wconf 78' lang='lat' dir='ltr'>(saecv</span> <span class='ocrx_word' id='word_1_156' title='bbox 896 2453 932 2515; x_wconf 86' lang='lat' dir='ltr'>a.)</span> <span class='ocrx_word' id='word_1_157' title='bbox 950 2444 1061 2518; x_wconf 75' lang='lat' dir='ltr'>Msoipol</span> <span class='ocrx_word' id='word_1_158' title='bbox 1078 2468 1107 2503; x_wconf 83' lang='lat' dir='ltr'>rs</span> <span class='ocrx_word' id='word_1_159' title='bbox 1125 2445 1296 2518; x_wconf 73' lang='grc' dir='ltr'><strong><em>ἀλοξοὶαδοοο</em></strong></span> <span class='ocrx_word' id='word_1_160' title='bbox 1313 2447 1444 2517; x_wconf 77' lang='grc' dir='ltr'><strong><em>πολέμου,</em></strong></span> <span class='ocrx_word' id='word_1_161' title='bbox 1460 2446 1514 2502; x_wconf 74' lang='lat' dir='ltr'>nal</span> <span class='ocrx_word' id='word_1_162' title='bbox 1529 2443 1600 2517; x_wconf 80' lang='lat' dir='ltr'>pcip-</span> <span class='ocrx_word' id='word_1_163' title='bbox 1714 2481 1715 2486; x_wconf 66' lang='lat'>,</span> 
     </span>
    </p>
   </div>
   <div class='ocr_carea' id='block_1_6' title="bbox 511 2536 1456 2606">
    <p class='ocr_par' dir='ltr' id='par_1_8' title="bbox 511 2536 1456 2606">
     <span class='ocr_line' id='line_1_20' title="bbox 511 2536 1456 2606; baseline 0.003 -20"><span class='ocrx_word' id='word_1_164' title='bbox 511 2553 582 2603; x_wconf 76' lang='lat' dir='ltr'>rope</span> <span class='ocrx_word' id='word_1_165' title='bbox 600 2536 679 2599; x_wconf 78' lang='grc' dir='ltr'><strong><em>νίκας</em></strong></span> <span class='ocrx_word' id='word_1_166' title='bbox 696 2536 803 2603; x_wconf 74' lang='grc' dir='ltr'><strong><em>Δελφοί</em></strong></span> <span class='ocrx_word' id='word_1_167' title='bbox 819 2554 852 2606; x_wconf 83' lang='grc' dir='ltr'>με</span> <span class='ocrx_word' id='word_1_168' title='bbox 872 2536 984 2590; x_wconf 75' lang='grc' dir='ltr'><strong>στᾶσαν.</strong></span> <span class='ocrx_word' id='word_1_169' title='bbox 1020 2536 1116 2591; x_wconf 80' lang='lat' dir='ltr'>Adde:</span> <span class='ocrx_word' id='word_1_170' title='bbox 1135 2536 1169 2591; x_wconf 81' lang='lat' dir='ltr'>A.</span> <span class='ocrx_word' id='word_1_171' title='bbox 1183 2537 1215 2591; x_wconf 90' lang='grc' dir='ltr'>Ρ.</span> <span class='ocrx_word' id='word_1_172' title='bbox 1226 2536 1266 2591; x_wconf 92' lang='lat' dir='ltr'>VI</span> <span class='ocrx_word' id='word_1_173' title='bbox 1280 2540 1330 2594; x_wconf 81' lang='grc'><strong>197</strong></span> <span class='ocrx_word' id='word_1_174' title='bbox 1349 2539 1379 2590; x_wconf 81' lang='lat' dir='ltr'>ct</span> <span class='ocrx_word' id='word_1_175' title='bbox 1397 2537 1456 2593; x_wconf 81' lang='grc'><strong>215.</strong></span> 
     </span>
    </p>
   </div>
   <div class='ocr_carea' id='block_1_7' title="bbox 426 2639 1599 2827">
    <p class='ocr_par' dir='ltr' id='par_1_9' title="bbox 426 2639 1599 2827">
     <span class='ocr_line' id='line_1_21' title="bbox 489 2639 1599 2725; baseline -0.001 -23"><span class='ocrx_word' id='word_1_176' title='bbox 489 2639 519 2703; x_wconf 88' lang='grc'><strong>6.</strong></span> <span class='ocrx_word' id='word_1_177' title='bbox 543 2641 645 2706; x_wconf 88' lang='lat' dir='ltr'>Venio</span> <span class='ocrx_word' id='word_1_178' title='bbox 668 2661 753 2705; x_wconf 91' lang='lat' dir='ltr'>nunc</span> <span class='ocrx_word' id='word_1_179' title='bbox 781 2639 822 2705; x_wconf 87' lang='lat' dir='ltr'>ad</span> <span class='ocrx_word' id='word_1_180' title='bbox 846 2640 907 2706; x_wconf 88' lang='lat' dir='ltr'>has</span> <span class='ocrx_word' id='word_1_181' title='bbox 930 2640 1013 2707; x_wconf 88' lang='lat' dir='ltr'>duas</span> <span class='ocrx_word' id='word_1_182' title='bbox 1036 2640 1161 2707; x_wconf 91' lang='lat' dir='ltr'>donarii</span> <span class='ocrx_word' id='word_1_183' title='bbox 1189 2639 1458 2725; x_wconf 86' lang='lat' dir='ltr'>significationes:</span> <span class='ocrx_word' id='word_1_184' title='bbox 1482 2639 1599 2723; x_wconf 85' lang='grc' dir='ltr'><strong><em>ἀκρο-</em></strong></span> 
     </span>
     <span class='ocr_line' id='line_1_22' title="bbox 426 2742 784 2827; baseline 0.014 -24"><span class='ocrx_word' id='word_1_185' title='bbox 426 2742 545 2806; x_wconf 71' lang='grc' dir='ltr'><strong><em>θίνιον</em></strong></span> <span class='ocrx_word' id='word_1_186' title='bbox 569 2748 602 2809; x_wconf 83' lang='lat' dir='ltr'>et</span> <span class='ocrx_word' id='word_1_187' title='bbox 624 2744 784 2827; x_wconf 78' lang='grc' dir='ltr'>ἀπαρχή.</span> 
     </span>
    </p>
   </div>
   <div class='ocr_carea' id='block_1_8' title="bbox 425 2862 1626 3260">
    <p class='ocr_par' dir='ltr' id='par_1_10' title="bbox 425 2862 1626 3260">
     <span class='ocr_line' id='line_1_23' title="bbox 491 2862 1626 2949; baseline 0.001 -22"><span class='ocrx_word' id='word_1_188' title='bbox 491 2863 581 2941; x_wconf 79' lang='lat' dir='ltr'>Quas</span> <span class='ocrx_word' id='word_1_189' title='bbox 604 2883 676 2929; x_wconf 92' lang='lat' dir='ltr'>cum</span> <span class='ocrx_word' id='word_1_190' title='bbox 692 2885 712 2930; x_wconf 87' lang='lat' dir='ltr'>a</span> <span class='ocrx_word' id='word_1_191' title='bbox 727 2862 944 2947; x_wconf 87' lang='lat' dir='ltr'>compluribus</span> <span class='ocrx_word' id='word_1_192' title='bbox 960 2868 1038 2932; x_wconf 87' lang='lat' dir='ltr'>viris</span> <span class='ocrx_word' id='word_1_193' title='bbox 1053 2864 1191 2949; x_wconf 66' lang='lat' dir='ltr'>doctisl)</span> <span class='ocrx_word' id='word_1_194' title='bbox 1214 2867 1279 2930; x_wconf 88' lang='lat' dir='ltr'>iam</span> <span class='ocrx_word' id='word_1_195' title='bbox 1304 2870 1462 2930; x_wconf 88' lang='lat' dir='ltr'>tractatas</span> <span class='ocrx_word' id='word_1_196' title='bbox 1483 2866 1599 2945; x_wconf 87' lang='lat' dir='ltr'>sciam,</span> <span class='ocrx_word' id='word_1_197' title='bbox 1621 2937 1626 2946; x_wconf 37' lang='lat'><strong><em>¹</em></strong></span> 
     </span>
     <span class='ocr_line' id='line_1_24' title="bbox 426 2965 1599 3052; baseline 0.003 -23"><span class='ocrx_word' id='word_1_198' title='bbox 426 2969 688 3032; x_wconf 87' lang='lat' dir='ltr'>commemoratio</span> <span class='ocrx_word' id='word_1_199' title='bbox 721 2968 793 3050; x_wconf 90' lang='lat' dir='ltr'>ipsa</span> <span class='ocrx_word' id='word_1_200' title='bbox 820 2965 979 3034; x_wconf 92' lang='lat' dir='ltr'>hocloco</span> <span class='ocrx_word' id='word_1_201' title='bbox 1008 2968 1136 3034; x_wconf 88' lang='lat' dir='ltr'>sulficit.</span> <span class='ocrx_word' id='word_1_202' title='bbox 1181 2969 1360 3052; x_wconf 87' lang='lat' dir='ltr'>Utramque</span> <span class='ocrx_word' id='word_1_203' title='bbox 1392 2966 1469 3034; x_wconf 91' lang='lat' dir='ltr'>doni</span> <span class='ocrx_word' id='word_1_204' title='bbox 1498 2969 1599 3051; x_wconf 88' lang='lat' dir='ltr'>signi·</span> 
     </span>
     <span class='ocr_line' id='line_1_25' title="bbox 425 3068 1599 3155; baseline 0.003 -24"><span class='ocrx_word' id='word_1_205' title='bbox 425 3068 608 3133; x_wconf 88' lang='lat' dir='ltr'>ficationem</span> <span class='ocrx_word' id='word_1_206' title='bbox 632 3089 703 3134; x_wconf 92' lang='lat' dir='ltr'>non</span> <span class='ocrx_word' id='word_1_207' title='bbox 732 3070 809 3135; x_wconf 90' lang='lat' dir='ltr'>nisi</span> <span class='ocrx_word' id='word_1_208' title='bbox 832 3069 870 3133; x_wconf 92' lang='lat' dir='ltr'>in</span> <span class='ocrx_word' id='word_1_209' title='bbox 899 3073 1202 3155; x_wconf 85' lang='lat' dir='ltr'>epigrammatis</span> <span class='ocrx_word' id='word_1_210' title='bbox 1230 3070 1360 3155; x_wconf 88' lang='lat' dir='ltr'>lapidi</span> <span class='ocrx_word' id='word_1_211' title='bbox 1387 3072 1599 3154; x_wconf 86' lang='lat' dir='ltr'>inscriptis</span> 
     </span>
     <span class='ocr_line' id='line_1_26' title="bbox 426 3170 1128 3260; baseline 0.004 -22"><span class='ocrx_word' id='word_1_212' title='bbox 426 3170 607 3238; x_wconf 89' lang='lat' dir='ltr'>adhibitam</span> <span class='ocrx_word' id='word_1_213' title='bbox 630 3172 707 3238; x_wconf 91' lang='lat' dir='ltr'>vidi.</span> <span class='ocrx_word' id='word_1_214' title='bbox 751 3174 843 3240; x_wconf 88' lang='lat' dir='ltr'>Haec</span> <span class='ocrx_word' id='word_1_215' title='bbox 866 3181 941 3240; x_wconf 91' lang='lat' dir='ltr'>sunt</span> <span class='ocrx_word' id='word_1_216' title='bbox 964 3176 1128 3260; x_wconf 86' lang='lat' dir='ltr'>exempla:</span> 
     </span>
    </p>
   </div>
   <div class='ocr_carea' id='block_1_9' title="bbox 464 3271 1599 3522">
    <p class='ocr_par' dir='ltr' id='par_1_11' title="bbox 464 3271 1599 3522">
     <span class='ocr_line' id='line_1_27' title="bbox 464 3271 1599 3347; baseline 0.002 -18"><span class='ocrx_word' id='word_1_217' title='bbox 464 3271 588 3345; x_wconf 60' lang='lat' dir='ltr'>record</span> <span class='ocrx_word' id='word_1_218' title='bbox 605 3278 709 3333; x_wconf 83' lang='lat' dir='ltr'>Hoffm.</span> <span class='ocrx_word' id='word_1_219' title='bbox 722 3282 773 3337; x_wconf 85' lang='grc'><strong>258</strong></span> <span class='ocrx_word' id='word_1_220' title='bbox 786 3280 873 3346; x_wconf 86' lang='lat' dir='ltr'>(saec.</span> <span class='ocrx_word' id='word_1_221' title='bbox 885 3278 981 3346; x_wconf 85' lang='lat' dir='ltr'>Via).</span> <span class='ocrx_word' id='word_1_222' title='bbox 1013 3284 1061 3337; x_wconf 81' lang='grc'>271</span> <span class='ocrx_word' id='word_1_223' title='bbox 1076 3280 1258 3347; x_wconf 84' lang='lat' dir='ltr'>(saec.Va.).</span> <span class='ocrx_word' id='word_1_224' title='bbox 1288 3277 1407 3336; x_wconf 69' lang='grc'><strong>115753</strong></span> <span class='ocrx_word' id='word_1_225' title='bbox 1421 3278 1506 3345; x_wconf 89' lang='lat' dir='ltr'>(saec.</span> <span class='ocrx_word' id='word_1_226' title='bbox 1520 3276 1599 3345; x_wconf 84' lang='lat' dir='ltr'>Va)</span> 
     </span>
     <span class='ocr_line' id='line_1_28' title="bbox 512 3358 1594 3432; baseline -0.006 -11"><span class='ocrx_word' id='word_1_227' title='bbox 512 3368 564 3422; x_wconf 82' lang='grc'>754</span> <span class='ocrx_word' id='word_1_228' title='bbox 582 3366 668 3429; x_wconf 87' lang='lat' dir='ltr'>(sace.</span> <span class='ocrx_word' id='word_1_229' title='bbox 684 3364 768 3432; x_wconf 80' lang='lat' dir='ltr'>Va).</span> <span class='ocrx_word' id='word_1_230' title='bbox 804 3365 907 3422; x_wconf 88' lang='lat' dir='ltr'>Hoffm.</span> <span class='ocrx_word' id='word_1_231' title='bbox 925 3370 985 3423; x_wconf 79' lang='grc'><strong>214.</strong></span> <span class='ocrx_word' id='word_1_232' title='bbox 1002 3370 1062 3424; x_wconf 89' lang='grc'><strong>222.</strong></span> <span class='ocrx_word' id='word_1_233' title='bbox 1080 3370 1140 3424; x_wconf 81' lang='grc'><strong>240.</strong></span> <span class='ocrx_word' id='word_1_234' title='bbox 1158 3370 1217 3423; x_wconf 90' lang='grc'><strong>256.</strong></span> <span class='ocrx_word' id='word_1_235' title='bbox 1235 3368 1295 3423; x_wconf 89' lang='grc'><strong>262.</strong></span> <span class='ocrx_word' id='word_1_236' title='bbox 1314 3367 1373 3422; x_wconf 83' lang='grc'><strong>284.</strong></span> <span class='ocrx_word' id='word_1_237' title='bbox 1410 3358 1594 3432; x_wconf 55' lang='grc' dir='ltr'><strong><em>ἀκροθίνιον</em></strong></span> 
     </span>
     <span class='ocr_line' id='line_1_29' title="bbox 513 3450 1154 3522; baseline 0.002 -19"><span class='ocrx_word' id='word_1_238' title='bbox 513 3451 559 3504; x_wconf 88' lang='lat' dir='ltr'>Pr.</span> <span class='ocrx_word' id='word_1_239' title='bbox 572 3454 606 3508; x_wconf 88' lang='grc'>56</span> <span class='ocrx_word' id='word_1_240' title='bbox 625 3451 661 3518; x_wconf 81' lang='lat' dir='ltr'>(V</span> <span class='ocrx_word' id='word_1_241' title='bbox 674 3450 734 3506; x_wconf 87' lang='lat' dir='ltr'>lere</span> <span class='ocrx_word' id='word_1_242' title='bbox 747 3466 822 3507; x_wconf 88' lang='lat' dir='ltr'>saec.</span> <span class='ocrx_word' id='word_1_243' title='bbox 836 3454 882 3521; x_wconf 79' lang='lat' dir='ltr'>a).</span> <span class='ocrx_word' id='word_1_244' title='bbox 918 3453 973 3508; x_wconf 93' lang='lat' dir='ltr'>Kb.</span> <span class='ocrx_word' id='word_1_245' title='bbox 986 3456 1034 3511; x_wconf 88' lang='lat'>811</span> <span class='ocrx_word' id='word_1_246' title='bbox 1056 3454 1154 3522; x_wconf 83' lang='lat' dir='ltr'>(Hp).</span> 
     </span>
    </p>
   </div>
   <div class='ocr_carea' id='block_1_10' title="bbox 426 3555 1597 3842">
    <p class='ocr_par' dir='ltr' id='par_1_12' title="bbox 426 3555 1597 3842">
     <span class='ocr_line' id='line_1_30' title="bbox 490 3555 1597 3638; baseline 0 -19"><span class='ocrx_word' id='word_1_247' title='bbox 490 3556 526 3619; x_wconf 92' lang='grc' dir='ltr'>Β.</span> <span class='ocrx_word' id='word_1_248' title='bbox 550 3555 752 3637; x_wconf 84' lang='lat' dir='ltr'>Relinquitur</span> <span class='ocrx_word' id='word_1_249' title='bbox 774 3562 809 3621; x_wconf 89' lang='lat' dir='ltr'>ut</span> <span class='ocrx_word' id='word_1_250' title='bbox 831 3559 933 3624; x_wconf 88' lang='lat' dir='ltr'>verba</span> <span class='ocrx_word' id='word_1_251' title='bbox 961 3558 1121 3625; x_wconf 87' lang='lat' dir='ltr'>faciamus</span> <span class='ocrx_word' id='word_1_252' title='bbox 1145 3557 1190 3623; x_wconf 86' lang='lat' dir='ltr'>de</span> <span class='ocrx_word' id='word_1_253' title='bbox 1214 3560 1263 3623; x_wconf 93' lang='lat' dir='ltr'>iis</span> <span class='ocrx_word' id='word_1_254' title='bbox 1286 3556 1443 3623; x_wconf 89' lang='lat' dir='ltr'>donarii</span> <span class='ocrx_word' id='word_1_255' title='bbox 1472 3557 1597 3638; x_wconf 87' lang='lat' dir='ltr'>signi·</span> 
     </span>
     <span class='ocr_line' id='line_1_31' title="bbox 427 3658 1597 3744; baseline 0.001 -23"><span class='ocrx_word' id='word_1_256' title='bbox 427 3658 707 3744; x_wconf 87' lang='lat' dir='ltr'>licationibus,</span> <span class='ocrx_word' id='word_1_257' title='bbox 731 3679 831 3743; x_wconf 89' lang='lat' dir='ltr'>quae</span> <span class='ocrx_word' id='word_1_258' title='bbox 854 3661 946 3727; x_wconf 91' lang='lat' dir='ltr'>inde</span> <span class='ocrx_word' id='word_1_259' title='bbox 968 3661 1016 3726; x_wconf 89' lang='lat' dir='ltr'>ab</span> <span class='ocrx_word' id='word_1_260' title='bbox 1040 3682 1137 3727; x_wconf 86' lang='lat' dir='ltr'>aevo</span> <span class='ocrx_word' id='word_1_261' title='bbox 1159 3660 1431 3727; x_wconf 87' lang='lat' dir='ltr'>Alexandrino</span> <span class='ocrx_word' id='word_1_262' title='bbox 1454 3662 1491 3723; x_wconf 94' lang='lat' dir='ltr'>in</span> <span class='ocrx_word' id='word_1_263' title='bbox 1515 3662 1597 3744; x_wconf 91' lang='lat' dir='ltr'>epi-</span> 
     </span>
     <span class='ocr_line' id='line_1_32' title="bbox 426 3762 1045 3842; baseline 0.006 -17"><span class='ocrx_word' id='word_1_264' title='bbox 426 3763 660 3842; x_wconf 89' lang='lat' dir='ltr'>grammatis</span> <span class='ocrx_word' id='word_1_265' title='bbox 683 3762 798 3828; x_wconf 90' lang='lat' dir='ltr'>nobis</span> <span class='ocrx_word' id='word_1_266' title='bbox 821 3773 1045 3830; x_wconf 87' lang='lat' dir='ltr'>occurrunt.</span> 
     </span>
    </p>
   </div>
   <div class='ocr_carea' id='block_1_11' title="bbox 427 3880 1597 4069">
    <p class='ocr_par' dir='ltr' id='par_1_13' title="bbox 427 3880 1597 4069">
     <span class='ocr_line' id='line_1_33' title="bbox 494 3880 1597 3967; baseline 0 -21"><span class='ocrx_word' id='word_1_267' title='bbox 494 3883 520 3946; x_wconf 94' lang='lat' dir='ltr'>l.</span> <span class='ocrx_word' id='word_1_268' title='bbox 544 3882 592 3947; x_wconf 88' lang='grc' dir='ltr'><strong><em>Αο</em></strong></span> <span class='ocrx_word' id='word_1_269' title='bbox 614 3880 800 3967; x_wconf 87' lang='lat' dir='ltr'>proficiscor</span> <span class='ocrx_word' id='word_1_270' title='bbox 822 3883 950 3967; x_wconf 90' lang='lat' dir='ltr'>quidem</span> <span class='ocrx_word' id='word_1_271' title='bbox 973 3905 994 3948; x_wconf 88' lang='lat' dir='ltr'>a</span> <span class='ocrx_word' id='word_1_272' title='bbox 1018 3903 1097 3949; x_wconf 90' lang='lat' dir='ltr'>voce</span> <span class='ocrx_word' id='word_1_273' title='bbox 1126 3884 1323 3966; x_wconf 82' lang='grc' dir='ltr'><strong><em>λείψανον,</em></strong></span> <span class='ocrx_word' id='word_1_274' title='bbox 1352 3901 1448 3966; x_wconf 87' lang='lat' dir='ltr'>quam</span> <span class='ocrx_word' id='word_1_275' title='bbox 1470 3881 1597 3947; x_wconf 88' lang='lat' dir='ltr'>donarii</span> 
     </span>
     <span class='ocr_line' id='line_1_34' title="bbox 427 3983 1044 4069; baseline 0.006 -20"><span class='ocrx_word' id='word_1_276' title='bbox 427 3983 694 4067; x_wconf 85' lang='lat' dir='ltr'>significationem</span> <span class='ocrx_word' id='word_1_277' title='bbox 717 3986 768 4051; x_wconf 91' lang='lat' dir='ltr'>his</span> <span class='ocrx_word' id='word_1_278' title='bbox 790 3987 870 4052; x_wconf 90' lang='lat' dir='ltr'>locis</span> <span class='ocrx_word' id='word_1_279' title='bbox 893 3986 1044 4069; x_wconf 88' lang='lat' dir='ltr'>legimus:</span> 
     </span>
    </p>
   </div>
   <div class='ocr_carea' id='block_1_12' title="bbox 427 4222 1596 4555">
    <p class='ocr_par' dir='ltr' id='par_1_14' title="bbox 427 4222 1596 4555">
     <span class='ocr_line' id='line_1_35' title="bbox 496 4222 1596 4292; baseline 0.005 -16"><span class='ocrx_word' id='word_1_280' title='bbox 496 4223 517 4291; x_wconf 84' lang='grc'>1)</span> <span class='ocrx_word' id='word_1_281' title='bbox 536 4223 582 4277; x_wconf 88' lang='lat' dir='ltr'>Ad</span> <span class='ocrx_word' id='word_1_282' title='bbox 599 4222 672 4278; x_wconf 88' lang='lat' dir='ltr'>hanc</span> <span class='ocrx_word' id='word_1_283' title='bbox 690 4222 877 4279; x_wconf 87' lang='lat' dir='ltr'>dedicationis</span> <span class='ocrx_word' id='word_1_284' title='bbox 897 4239 1012 4279; x_wconf 90' lang='lat' dir='ltr'>causam</span> <span class='ocrx_word' id='word_1_285' title='bbox 1031 4224 1156 4280; x_wconf 87' lang='lat' dir='ltr'>alludere</span> <span class='ocrx_word' id='word_1_286' title='bbox 1173 4224 1287 4279; x_wconf 87' lang='lat' dir='ltr'>videtur</span> <span class='ocrx_word' id='word_1_287' title='bbox 1305 4223 1453 4280; x_wconf 89' lang='lat' dir='ltr'>Reischius</span> <span class='ocrx_word' id='word_1_288' title='bbox 1469 4225 1488 4279; x_wconf 91' lang='grc'>1.</span> <span class='ocrx_word' id='word_1_289' title='bbox 1499 4240 1525 4279; x_wconf 92' lang='lat' dir='ltr'>c.</span> <span class='ocrx_word' id='word_1_290' title='bbox 1540 4228 1596 4292; x_wconf 68' lang='grc' dir='ltr'>μδ</span> 
     </span>
     <span class='ocr_line' id='line_1_36' title="bbox 428 4308 1596 4381; baseline 0.002 -20"><span class='ocrx_word' id='word_1_291' title='bbox 428 4308 525 4363; x_wconf 90' lang='lat' dir='ltr'>dicens</span> <span class='ocrx_word' id='word_1_292' title='bbox 543 4308 627 4363; x_wconf 87' lang='lat' dir='ltr'>haec:</span> <span class='ocrx_word' id='word_1_293' title='bbox 650 4313 746 4376; x_wconf 80' lang='lat' dir='ltr'>„unter</span> <span class='ocrx_word' id='word_1_294' title='bbox 765 4308 828 4365; x_wconf 88' lang='lat' dir='ltr'>dem</span> <span class='ocrx_word' id='word_1_295' title='bbox 843 4310 1031 4366; x_wconf 86' lang='lat' dir='ltr'>Deckmantcl</span> <span class='ocrx_word' id='word_1_296' title='bbox 1050 4312 1100 4367; x_wconf 87' lang='lat' dir='ltr'>des</span> <span class='ocrx_word' id='word_1_297' title='bbox 1118 4312 1270 4381; x_wconf 81' lang='lat' dir='ltr'>religibsen</span> <span class='ocrx_word' id='word_1_298' title='bbox 1289 4310 1423 4367; x_wconf 84' lang='lat' dir='ltr'>Scheincs</span> <span class='ocrx_word' id='word_1_299' title='bbox 1442 4309 1533 4366; x_wconf 87' lang='lat' dir='ltr'>bietet</span> <span class='ocrx_word' id='word_1_300' title='bbox 1545 4310 1596 4364; x_wconf 89' lang='lat' dir='ltr'>das</span> 
     </span>
     <span class='ocr_line' id='line_1_37' title="bbox 427 4394 1596 4466; baseline 0 -15"><span class='ocrx_word' id='word_1_301' title='bbox 427 4394 655 4465; x_wconf 86' lang='lat' dir='ltr'>Weihgescheuk</span> <span class='ocrx_word' id='word_1_302' title='bbox 674 4396 737 4450; x_wconf 90' lang='lat' dir='ltr'>dem</span> <span class='ocrx_word' id='word_1_303' title='bbox 756 4396 876 4466; x_wconf 84' lang='lat' dir='ltr'>Ehrgeiz</span> <span class='ocrx_word' id='word_1_304' title='bbox 897 4397 948 4452; x_wconf 90' lang='lat' dir='ltr'>des</span> <span class='ocrx_word' id='word_1_305' title='bbox 965 4397 1119 4454; x_wconf 83' lang='lat' dir='ltr'>Einzclnen</span> <span class='ocrx_word' id='word_1_306' title='bbox 1138 4397 1200 4453; x_wconf 87' lang='lat' dir='ltr'>eine</span> <span class='ocrx_word' id='word_1_307' title='bbox 1218 4397 1425 4453; x_wconf 81' lang='lat' dir='ltr'>willlrommcne</span> <span class='ocrx_word' id='word_1_308' title='bbox 1439 4396 1596 4452; x_wconf 87' lang='lat' dir='ltr'>Handbabe</span> 
     </span>
     <span class='ocr_line' id='line_1_38' title="bbox 428 4481 1226 4555; baseline 0.003 -18"><span class='ocrx_word' id='word_1_309' title='bbox 428 4498 477 4537; x_wconf 85' lang='lat' dir='ltr'>zur</span> <span class='ocrx_word' id='word_1_310' title='bbox 496 4481 824 4553; x_wconf 87' lang='lat' dir='ltr'>Selbstverherrlichung</span> <span class='ocrx_word' id='word_1_311' title='bbox 843 4484 901 4539; x_wconf 93' lang='lat' dir='ltr'>und</span> <span class='ocrx_word' id='word_1_312' title='bbox 919 4481 1226 4555; x_wconf 83' lang='lat' dir='ltr'>Selbstverewigung‘.</span> 
     </span>
    </p>
   </div>
   <div class='ocr_carea' id='block_1_13' title="bbox 427 4585 1595 4744">
    <p class='ocr_par' dir='ltr' id='par_1_15' title="bbox 427 4585 1595 4744">
     <span class='ocr_line' id='line_1_39' title="bbox 495 4585 1595 4658; baseline -0.002 -17"><span class='ocrx_word' id='word_1_313' title='bbox 495 4587 516 4654; x_wconf 72' lang='grc' dir='ltr'>Ι)</span> <span class='ocrx_word' id='word_1_314' title='bbox 535 4585 676 4656; x_wconf 78' lang='lat' dir='ltr'>Wclclrer‚</span> <span class='ocrx_word' id='word_1_315' title='bbox 701 4585 816 4657; x_wconf 81' lang='lat' dir='ltr'>Sylloge</span> <span class='ocrx_word' id='word_1_316' title='bbox 840 4587 927 4657; x_wconf 90' lang='lat' dir='ltr'>epigr.</span> <span class='ocrx_word' id='word_1_317' title='bbox 947 4605 988 4658; x_wconf 92' lang='lat' dir='ltr'>gr.</span> <span class='ocrx_word' id='word_1_318' title='bbox 1013 4591 1130 4645; x_wconf 89' lang='lat' dir='ltr'>Bonnae</span> <span class='ocrx_word' id='word_1_319' title='bbox 1149 4593 1227 4658; x_wconf 85' lang='grc'><strong>1828,</strong></span> <span class='ocrx_word' id='word_1_320' title='bbox 1250 4605 1277 4658; x_wconf 86' lang='lat' dir='ltr'>p.</span> <span class='ocrx_word' id='word_1_321' title='bbox 1294 4593 1354 4647; x_wconf 90' lang='grc'><strong>215.</strong></span> <span class='ocrx_word' id='word_1_322' title='bbox 1399 4587 1503 4644; x_wconf 85' lang='lat' dir='ltr'>Reisch</span> <span class='ocrx_word' id='word_1_323' title='bbox 1525 4606 1553 4658; x_wconf 87' lang='lat' dir='ltr'>p.</span> <span class='ocrx_word' id='word_1_324' title='bbox 1571 4593 1595 4645; x_wconf 89' lang='grc'><strong>5.</strong></span> 
     </span>
     <span class='ocr_line' id='line_1_40' title="bbox 427 4672 1525 4744; baseline 0.002 -18"><span class='ocrx_word' id='word_1_325' title='bbox 427 4672 590 4729; x_wconf 88' lang='lat' dir='ltr'>Duemmler</span> <span class='ocrx_word' id='word_1_326' title='bbox 608 4675 625 4729; x_wconf 93' lang='lat' dir='ltr'>l.</span> <span class='ocrx_word' id='word_1_327' title='bbox 639 4690 663 4728; x_wconf 89' lang='lat' dir='ltr'>c.</span> <span class='ocrx_word' id='word_1_328' title='bbox 681 4690 708 4742; x_wconf 93' lang='lat' dir='ltr'>p.</span> <span class='ocrx_word' id='word_1_329' title='bbox 724 4677 782 4731; x_wconf 84' lang='grc'><strong>199.</strong></span> <span class='ocrx_word' id='word_1_330' title='bbox 816 4674 944 4729; x_wconf 86' lang='lat' dir='ltr'>Reinach</span> <span class='ocrx_word' id='word_1_331' title='bbox 962 4689 988 4743; x_wconf 93' lang='lat' dir='ltr'>p.</span> <span class='ocrx_word' id='word_1_332' title='bbox 1002 4678 1061 4733; x_wconf 84' lang='grc'><strong>381.</strong></span> <span class='ocrx_word' id='word_1_333' title='bbox 1098 4674 1222 4742; x_wconf 71' lang='lat' dir='ltr'>hatfeld,</span> <span class='ocrx_word' id='word_1_334' title='bbox 1240 4674 1525 4744; x_wconf 70' lang='lat' dir='ltr'>nascuncuntur.</span> 
     </span>
    </p>
   </div>
   <div class='ocr_carea' id='block_1_14' title="bbox 0 0 1868 5434">
    <p class='ocr_par' dir='ltr' id='par_1_16' title="bbox 0 0 1868 5434">
     <span class='ocr_line' id='line_1_41' title="bbox 0 0 1868 5434; baseline 0 0"><span class='ocrx_word' id='word_1_335' title='bbox 0 0 1868 5434; x_wconf 95' lang='lat' dir='ltr'> </span> 
     </span>
    </p>
   </div>
  </div>
 </body>
</html>
