3717 5434
850 562 890 626 27

284 736 318 799 in
342 754 405 818 quo
427 733 509 799 haec
532 733 633 799 verba
655 735 687 798 in
710 733 890 800 hexametri
918 734 1006 798 exitu
1034 735 1142 817 posita
1163 731 1324 798 videmus:
1344 730 1455 817 ’Δρτέ-

285 838 465 919 praecerpi
489 838 558 899 ναόν
578 834 731 906 Ἐπίξεννς
757 835 832 900 ἔνθα
856 835 887 919 μ’
904 835 1029 919 ἔθηκεν.

352 939 500 1005 Eandem
517 938 732 1007 dedicationis
747 939 1035 1005 conformationem
1050 940 1220 1005 verborum
1244 940 1455 1006 collocatione

286 1050 414 1109 mutata
436 1043 539 1109 habes
562 1043 613 1109 his
633 1043 728 1110 locis:

321 1148 368 1202 Pr.
383 1150 417 1205 54
436 1148 522 1213 (saec.
534 1146 608 1213 vra)
631 1144 700 1214 Ζηνί
717 1148 745 1215 μ’
762 1140 859 1214 ἄγαλμ’
874 1140 1019 1214 ἀνέθηκαν
1036 1140 1176 1215 Ὀλυμπίῳ
1195 1145 1224 1198 ol
1242 1148 1266 1199 'a
1284 1139 1455 1213 Χερονὴνον.

374 1232 492 1291 Keroe
505 1233 660 1304 (scaeva)
679 1230 845 1301 Παρ]οἑνωι
858 1227 1016 1300 Ἐκφάντου
1033 1250 1066 1301 με
1084 1227 1175 1300 πατὴρ
1194 1227 1318 1301 ἀνέθηκε
1329 1230 1376 1286 ναί
1387 1226 1457 1296 olda.

373 1319 481 1375 Ibidem
494 1324 545 1378 809
562 1322 659 1387 (aetat.
670 1320 762 1387 Rom.)
781 1320 916 1387 Κλεονίκη
930 1314 1103 1389 Ἐρμνγόρον
1122 1317 1263 1388 δενάτηΙν]
1283 1338 1316 1388 με
1334 1314 1457 1387 ἀνέθηκε

369 1404 538 1479 Ἆφροδῌτη.
574 1406 608 1461 A.
624 1407 655 1461 P.
667 1407 707 1463 VI
725 1411 741 1463 'i
763 1405 809 1472 (of.
829 1407 894 1461 Her.
907 1405 940 1463 V'
952 1408 996 1474 60)
1023 1402 1130 1470 Σκαιός
1146 1447 1153 1460 .
1171 1448 1178 1460 .
1196 1448 1202 1461 .
1219 1425 1252 1477 με
1270 1447 1277 1459 .
1295 1448 1302 1461 .
1321 1448 1327 1460 .
1344 1400 1457 1476 νικήσας

374 1490 496 1563 ἀνέθηκε
513 1492 569 1548 τεῒν
586 1491 744 1561 περικαλλὲς
762 1487 878 1565 ἄγαλμα.
904 1543 907 1549 .

350 1600 500 1683 Denique
521 1598 709 1685 posterioris
738 1600 856 1665 aetatis
884 1605 1003 1684 poetae
1031 1598 1064 1664 id
1095 1600 1156 1665 sibi
1183 1601 1399 1685 permiserunt
1422 1604 1457 1665 ut

285 1702 430 1768 medium
451 1709 618 1788 ponerent,
647 1704 694 1773 ita
715 1704 887 1788 Antipater
909 1704 948 1768 A.
963 1702 1000 1769 P.
1015 1703 1061 1768 VI
1076 1702 1153 1768 209:
1182 1699 1305 1771 Βιθυνὶς
1328 1700 1455 1787 Κυθέρη

286 1830 326 1890 με
350 1812 422 1890 τεῆς
446 1806 631 1889 diedmaro,
657 1802 767 1891 Κύπρι,
793 1810 913 1890 μορφᾶς
938 1805 1076 1869 εἴδωλον.

352 1911 391 1975 In
414 1908 630 1995 compluribus
646 1911 888 1995 epigrammatis
912 1905 1025 1975 metri
1050 1930 1174 1976 causa
1190 1909 1327 1976 formam
1342 1929 1456 1994 synco-

286 2021 400 2109 patam
424 2012 621 2077 ἀντιθέναι
643 2014 696 2080 vel
719 2012 973 2100 ἀντίῦεαθαιῑ)
998 2012 1177 2079 adhibitam
1193 2012 1351 2098 videmus,
1373 2032 1457 2097 quae

284 2118 438 2183 nonnisi
461 2116 549 2203 apud
570 2122 685 2201 poetas
708 2118 830 2183 usitata
852 2121 911 2183 est.
955 2117 1047 2182 Haeo
1070 2122 1145 2183 sunt
1167 2116 1334 2200 exempla:

322 2220 369 2275 Pr.
385 2225 434 2277 146
447 2221 481 2286 (c.
493 2224 545 2278 400
558 2234 584 2273 a.
597 2218 661 2274 chr.
674 2221 712 2288 n.)
731 2216 819 2287 ἕστηκ’
838 2214 983 2273 ἀνθέντων
1000 2220 1121 2292 δημοσίᾳ
1132 2220 1258 2287 Σαμίων.
1287 2220 1394 2289 Loewy
1407 2220 1458 2274 224

376 2307 472 2374 (aetat.
485 2307 577 2373 Rom.)
596 2305 639 2360 τοί
659 2302 820 2376 [caldaeam
838 2308 862 2360 δ’
875 2299 1012 2374 dabam
1050 2305 1158 2361 Similia
1175 2309 1254 2361 sunt:

324 2393 359 2447 A.
371 2393 403 2447 Ρ.
415 2394 454 2449 VI
466 2396 517 2453 213
536 2386 803 2461 (,,8ἰωοωίᾱὶν“)“Έξ
821 2391 866 2447 ἐπί
883 2388 1061 2463 manducata,
1078 2395 1230 2461 Σιμωνίδη,
1249 2387 1321 2461 ἤρων
1339 2387 1459 2458 ταύρους

375 2479 423 2535 καί
445 2481 588 2549 τρίποδας,
611 2478 677 2549 πρίν
698 2476 771 2534 τόνδ’
789 2475 940 2549 ἇνθέμεναι
961 2481 1073 2533 πίνακα.
1110 2480 1177 2533 Xlll
1195 2485 1228 2537 19
1249 2477 1458 2546 („Simonidis“)

378 2562 502 2636 ἄνθηνεν
518 2563 577 2621 τόδ’
590 2562 698 2637 ἄγαλμα
714 2568 869 2636 Κορίνθιος
886 2558 973 2632 ὅσπερ
993 2563 1077 2619 ἐνίκα.
1112 2562 1208 2620 Adde:

324 2653 359 2708 Α.
372 2655 402 2708 Ρ.
415 2654 455 2711 Vl
471 2658 523 2713 220
540 2654 748 2722 (Dioscoridae)
776 2651 839 2724 ἱρὴν
865 2652 908 2707 σοί
935 2647 1067 2722 θαίᾶμην
1093 2647 1216 2724 ζωάγρια
1242 2651 1289 2706 καί
1316 2646 1458 2721 ίαίᾶγημα

377 2742 460 2795 τοῦτο
477 2736 510 2795 τὸ
528 2740 599 2810 θηρὶ
616 2742 706 2811 φυγῆς
724 2742 812 2795 αἴτιον
832 2735 987 2810 deriderent.

358 2848 402 2912 In
424 2852 678 2931 pentametro
701 2849 863 2911 ineunte
887 2844 1024 2911 eandem
1048 2845 1116 2911 fere
1139 2845 1241 2911 habos
1265 2844 1401 2910 formam
1424 2847 1457 2909 in

290 2969 341 3035 ep.
358 2949 396 3013 A.
413 2950 448 3014 Ρ.
464 2951 509 3016 VI
525 2949 588 3016 232
605 2948 846 3035 (Orinagorae):
871 2948 1024 3012 circillatum
1047 2952 1128 3031 λιτὴν
1145 2950 1232 3012 δαῖτα
1249 2948 1458 3032 Φιλοξενίδης.

290 3052 445 3118 Eiusdem
468 3052 558 3118 verbi
581 3054 785 3138 participium
810 3058 917 3118 exstat
939 3053 973 3117 in
996 3072 1045 3138 ep.
1066 3053 1107 3118 A.
1122 3052 1157 3117 Ρ.
1174 3053 1219 3118 Vl
1234 3050 1298 3117 248
1321 3049 1458 3138 (Argen-

290 3154 396 3242 tarii):
419 3154 452 3225 ὃς
476 3154 523 3235 σέ,
549 3155 676 3239 piluma,
699 3153 810 3239 ᾔνεσεν
834 3155 966 3241 ἀρχαίην
990 3155 1164 3238 σύμπλανον
1189 3155 1366 3237 ἀνθέμενος.

357 3258 481 3325 Ceteris
499 3278 583 3341 quae
605 3260 713 3325 inveni
737 3258 893 3343 exemplis
916 3257 1093 3325 afferendis
1115 3256 1149 3321 id
1171 3257 1372 3342 potissimum
1396 3259 1459 3341 egi,

291 3368 326 3427 ut
348 3363 381 3427 in
403 3359 498 3427 huius
520 3362 610 3427 verbi
639 3382 698 3427 usu
725 3363 870 3445 regulam
899 3365 1044 3428 strictam
1073 3361 1280 3427 observatam
1308 3379 1381 3426 esso
1403 3359 1458 3426 de·

292 3472 516 3533 monstrarem.
559 3466 644 3533 Nam
667 3467 789 3533 certis
811 3484 952 3531 versus
975 3466 1074 3531 locis
1097 3463 1185 3529 illam
1209 3465 1300 3530 verbi
1322 3463 1458 3529 formam

292 3571 430 3653 positam
454 3568 610 3635 ridemus.

356 3671 523 3737 Interdum
546 3674 631 3738 enirn
652 3673 734 3738 haec
757 3672 862 3737 forma
880 3672 913 3736 in
935 3672 1037 3756 primo
1058 3671 1111 3737 vel
1130 3671 1194 3736 alio
1217 3672 1460 3756 epigrammatis

292 3776 480 3842 hexametro
504 3777 666 3841 ineunte
689 3781 805 3843 exstat.

325 3877 359 3933 A.
373 3878 455 3933 P.v1
466 3882 500 3935 87
513 3878 624 3947 (incerti
636 3877 772 3946 auctoris)
785 3870 898 3931 ’Ἅνθετο
918 3875 962 3930 σοὶ
981 3871 1102 3945 κορύνην
1119 3876 1167 3931 καί
1184 3877 1312 3947 νεβρίδας
1329 3872 1461 3946 ἡμέτερος

378 3959 449 4021 Πάν,
483 3964 518 4019 Α.
531 3964 610 4019 Plan.
622 3964 662 4020 IV
673 3967 725 4022 239
744 3963 953 4032 (Apollonidae)
963 3956 1069 4018 'Avila'
1084 3958 1264 4032 Ἀναξανόρης
1282 3982 1323 4032 με,
1342 4006 1348 4017 .
1363 4004 1369 4016 .
1384 4005 1389 4017 .

356 4070 498 4134 Maxime
520 4069 604 4134 hanc
626 4069 717 4134 verbi
740 4068 983 4134 collocationem
1006 4069 1127 4134 Paulus
1150 4068 1355 4135 silentiarius
1380 4069 1459 4135 ada-

294 4191 401 4237 masse
424 4171 562 4237 videtur.
607 4172 765 4238 Conferas
788 4174 1025 4256 epigrammata
1048 4174 1132 4238 eius:

328 4274 361 4328 A.
374 4276 406 4329 Ρ.
419 4275 504 4333 V157
528 4266 632 4329 ἄνθετο
655 4275 743 4343 δέρμα
766 4275 874 4336 λέοντος
896 4270 965 4340 ὑπὲρ
985 4275 1073 4338 πίτυν,
1098 4269 1226 4341 αίνιπόδη
1246 4268 1317 4327 Πάν,
1353 4273 1460 4328 Ibidem

380 4362 418 4417 vl
431 4365 462 4420 81
483 4356 587 4417 dedero
605 4362 760 4431 Λυσίμαχος
776 4361 859 4431 γέρας
871 4355 951 4427 Ἄρεϊ,
972 4401 1019 4415 ...

362 4587 383 4652 ¹)
414 4582 509 4640 Simile
533 4586 600 4655 quid
621 4584 709 4641 habet
730 4584 822 4642 forma
845 4578 957 4653 ἄνθεμα
980 4601 1033 4654 pro
1056 4578 1192 4652 ἀνάθημα
1215 4583 1318 4652 posita,
1346 4581 1381 4637 de
1405 4598 1461 4652 qua

296 4670 368 4725 intra
387 4670 581 4726 disserendum
599 4672 660 4727 erit.
