3717 5434
828 591 870 655 49

306 765 339 819 A.
350 766 381 819 P.
394 765 433 821 Vl
451 769 469 822 4
485 764 651 833 (Leonidae)
675 758 834 831 Διόφαντος
854 756 989 830 ἅνόκτορι
1006 756 1116 832 θήκατο
1129 802 1135 818 .
1148 801 1155 815 .
1168 800 1175 815 .
1188 758 1306 831 ἀρχαίας
1322 761 1443 828 λείψανα

355 848 527 920 τεχνοσόνας.
561 849 601 906 VI
614 854 664 908 192
677 848 821 917 (Archiae)
836 852 931 903 Ταῦτα
944 850 1106 919 οαρηναίοιο
1120 848 1196 904 λίνον
1209 844 1311 919 όηναιόι
1320 841 1443 919 Πριήπηο

356 939 474 1007 λείψανα
492 979 498 992 .
516 978 522 991 .
541 976 547 991 .
567 932 697 999 Φιντόλος
715 934 873 1006 ἐκρέμασεν.
909 936 950 992 VI
963 941 997 994 76
1016 936 1168 1006 (Agathiae
1188 935 1372 1002 Scholastici)
1394 936 1445 989 νόν

355 1022 432 1094 μόλις
450 1015 513 1093 eripe
525 1022 660 1093 μέλαιναν
677 1019 734 1077 ἀπὸ
752 1018 904 1092 κροτάφων
915 1024 995 1092 τρίχα
1007 1020 1103 1091 κόψαι,
1120 1025 1193 1092 θῆκε
1206 1021 1236 1078 δέ
1250 1023 1295 1079 ool
1307 1021 1445 1092 προτέρης

356 1113 489 1180 λείψανον
501 1107 612 1181 ἡλικίης.
643 1110 709 1164 Alia
721 1111 746 1165 si
757 1110 802 1164 vis
816 1110 945 1179 exempla
957 1108 1102 1165 conferas:
1120 1109 1155 1164 A.
1166 1112 1198 1167 Ρ.
1209 1110 1250 1165 VI
1261 1113 1305 1168 23.
1315 1113 1374 1167 223.
1384 1112 1444 1167 293.

332 1218 402 1282 lam
426 1218 453 1283 si
476 1215 561 1282 hanc
590 1236 662 1281 cum
691 1234 787 1281 voce:
815 1216 982 1299 ἀπαρχή,
1015 1235 1110 1299 quam
1135 1214 1266 1298 quidem
1296 1217 1444 1281 novimus

269 1322 435 1403 antiquam
448 1319 574 1394 donarii
589 1318 867 1403 significationem,
880 1338 1118 1403 comparamus,
1129 1320 1233 1403 primo
1246 1318 1444 1402 intellegitur

268 1431 404 1509 aspectu
439 1424 619 1489 contrarius
652 1422 780 1487 illarum
815 1421 890 1487 doni
920 1422 1191 1505 significationum
1228 1441 1354 1487 sensus.
1409 1423 1443 1487 Is

267 1531 388 1612 autem,
411 1528 467 1610 qui
489 1527 666 1609 λείψανον
689 1526 839 1610 primus
855 1522 1003 1590 adhibuit
1025 1527 1095 1591 sine
1110 1524 1208 1590 dubio
1224 1544 1297 1590 mea
1312 1522 1441 1607 quidem

267 1631 431 1696 sententia
454 1630 634 1713 antiquiore
658 1628 763 1694 forma
785 1628 950 1712 struppi¹
962 1633 997 1692 ut
1013 1627 1047 1692 id
1070 1627 1194 1694 faceret
1209 1626 1359 1694 inductus
1381 1634 1441 1714 est,

265 1736 460 1820 praesertim
483 1753 554 1799 eum
581 1733 638 1800 illa
665 1731 742 1797 doni
770 1730 964 1814 significatio
992 1731 1163 1817 ἀπαρχή,
1192 1751 1286 1817 quae,
1313 1738 1349 1797 ut
1376 1733 1441 1797 iam

266 1836 344 1922 dixi,
373 1837 638 1920 frequentissima
666 1835 736 1921 fuit,
767 1837 864 1900 etiam
894 1836 966 1900 aevi
989 1834 1201 1901 Alexandrini
1229 1836 1335 1920 poetis
1363 1841 1442 1900 nota

265 1960 338 2008 esse
364 1939 522 2025 debuerit,
545 1940 703 2023 aquibus
726 1940 891 2024 primum
913 1958 977 2003 vox
1001 1939 1181 2023 λείψανον
1201 1937 1319 2004 donum
1343 1940 1441 2021 signi-

264 2044 369 2111 ficans
391 2046 425 2108 in
448 2042 692 2128 epigrammatis
715 2042 863 2109 adhibita
887 2046 946 2133 est.
985 2043 1177 2126 Priusquam
1192 2041 1235 2107 ad
1251 2047 1440 2125 sequentem

266 2147 393 2213 donarii
410 2146 679 2230 significationem
702 2151 876 2229 transeam,
900 2165 964 2211 non
979 2146 1039 2212 abs
1055 2148 1167 2213 reerit
1187 2166 1437 2212 commemorare

264 2250 482 2333 Authologiae
504 2251 674 2316 Palatinae
698 2249 934 2335 epigrammata
949 2249 995 2314 VI
1014 2251 1027 2313 l
1055 2247 1273 2335 („Platonis“)
1290 2254 1322 2313 et
1336 2249 1383 2314 VI
1401 2250 1441 2316 18

267 2353 404 2440 (Juliani
420 2352 588 2440 Aegyptii)
612 2352 792 2437 inquibus,
815 2372 1012 2435 quamquam
1035 2353 1210 2437 λείψανον
1233 2372 1298 2418 non
1313 2353 1440 2439 legitur,

265 2464 377 2522 tamen
397 2458 499 2541 primo
521 2460 587 2523 iam
610 2456 723 2524 obtutu
745 2457 783 2518 τὸ
806 2459 1017 2539 κάτοπτρον
1040 2457 1133 2538 quasi
1157 2458 1338 2539 λείψανον
1361 2457 1440 2519 νεό-

265 2583 378 2644 τητος
402 2559 484 2626 deae
507 2560 692 2627 dedicatum
715 2559 930 2645 intelleges1).

330 2677 361 2745 2.
386 2680 538 2763 Sequitur
553 2680 679 2746 donarii
702 2680 909 2763 significatio:
933 2679 1059 2763 γέρας.
1096 2680 1288 2763 Priusquam
1311 2679 1439 2763 singula

267 2804 350 2867 quae
367 2783 475 2849 inveni
488 2785 638 2870 exempla
649 2783 794 2867 afferam,
811 2783 851 2849 de
866 2783 1003 2849 historia
1017 2782 1112 2849 huius
1126 2785 1216 2850 vocis
1233 2803 1437 2867 quaeramus.

265 2888 374 2970 Atque
389 2886 527 2971 primum
543 2886 673 2971 quidem
696 2887 777 2954 haec
800 2907 863 2953 vox
880 2886 1056 2970 signifieat:
1079 2887 1176 2972 Ehre,
1197 2888 1437 2971 Ehrengabe2).
1511 2883 1514 2887 ’

338 3057 360 3124 1)
379 3054 525 3111 simillima
551 3061 617 3111 sunt
639 3060 670 3111 ut
691 3057 746 3113 hoc
770 3057 914 3127 egregium
935 3056 1102 3112 'imitationis
1121 3057 1278 3125 exemplum
1295 3056 1438 3126 proferam

264 3142 337 3198 haec
363 3142 553 3213 Anthologiae
575 3143 723 3199 Palatinae
748 3144 955 3215 epigrammata
976 3143 1050 3200 Vll
1074 3148 1104 3198 et
1125 3143 1165 3198 Vl
1187 3147 1227 3203 18.
1262 3146 1294 3199 ln
1318 3148 1438 3214 unoque

265 3230 339 3285 enim
360 3228 564 3299 epigrammate
582 3230 724 3285 videmus:
745 3229 863 3285 eandem
881 3246 1032 3299 personam
1052 3229 1229 3285 dedicantem
1243 3230 1345 3299 [Δαΐς],
1363 3231 1437 3286 idem

265 3317 372 3372 donum
395 3316 556 3371 dedicatum
580 3314 622 3385 [τό
645 3312 813 3386 κάτοπτρον]
839 3317 959 3372 eandem
983 3318 1064 3373 deam
1089 3317 1134 3371 cui
1156 3315 1304 3371 dedicatur
1322 3317 1437 3389 [Venus]

265 3403 387 3473 denique
407 3404 525 3459 eandem
543 3400 694 3459 dedicandi
710 3419 825 3459 causam
838 3404 938 3459 iisdem
951 3402 1011 3459 lere
1024 3403 1072 3459 vel
1083 3404 1199 3472 paulum
1212 3404 1329 3458 mutatis
1340 3404 1437 3459 verbis

265 3505 440 3559 expressam.
476 3490 613 3546 Conieras
630 3491 729 3545 velim:
748 3491 814 3549 Vll
832 3494 865 3562 τῇ
879 3493 979 3563 Παφίη
997 3487 1029 3545 τό
1046 3487 1213 3559 κάτοπτρον,
1232 3489 1291 3545 iusi
1307 3490 1368 3560 τοίη
1387 3492 1438 3562 μὲν

264 3573 392 3645 ὁρᾶσθαι
411 3572 460 3631 oda
481 3574 577 3632 tetta.
605 3577 692 3636 V118
711 3578 778 3641 Λαῒς
797 3578 998 3647 ...γηραλέον
1016 3576 1120 3648 omiss
1136 3579 1292 3649 μαρταρίην
1309 3576 1436 3648 parlim

264 3661 350 3719 aea
367 3658 467 3729 πικρὸν
485 3661 592 3733 ἔλεγχον
610 3659 793 3733 ἇτεχθήραοα
811 3660 971 3732 κατόπτρου
988 3657 1102 3719 ἄνθετο.
1137 3665 1240 3732 Iamsi
1257 3663 1328 3720 haec
1346 3663 1437 3720 verba

265 3749 428 3804 accuratius
451 3750 678 3805 consideraveris
697 3750 780 3806 facile
799 3751 947 3820 intelleges
966 3754 1080 3819 poetam
1100 3750 1207 3805 saeculi
1223 3751 1263 3806 Vl
1280 3768 1308 3821 p.
1327 3751 1392 3806 Chr.
1409 3770 1436 3807 u.

266 3835 422 3904 simplicem
441 3836 549 3905 antiqui
562 3837 772 3907 epigrammatis
786 3838 974 3893 elocutionem
987 3838 1068 3906 quasi
1080 3837 1203 3906 quodam
1214 3838 1328 3906 poetico
1341 3836 1436 3894 colore

266 3926 298 3976 ut
321 3926 445 3977 mutaret
468 3939 630 3978 exornasse.
670 3923 751 3989 Quod
774 3924 863 3980 habes
888 3925 973 3979 etiam
997 3923 1041 3977 his
1064 3924 1112 3993 qni
1134 3924 1240 3979 similes
1263 3929 1328 3979 sunt
1351 3925 1435 3980 locis:

266 4009 305 4065 vl
327 4016 337 4065 l
359 4009 428 4072 Λαίς
446 4051 452 4063 .
471 4049 478 4065 .
496 4051 502 4064 .
522 4006 581 4064 ἐπεὶ
597 4013 659 4081 τοίη
677 4010 727 4082 μὲν
745 4008 870 4078 ὁρᾶσθαι
889 4004 940 4066 οόκ
959 4009 1058 4080 ἐθέλω,
1083 4011 1128 4079 οίη
1147 3999 1213 4081 δ’ἧν
1229 4008 1320 4082 πόρος
1338 4007 1372 4065 οό
1389 4010 1436 4067 ot·

262 4114 358 4164 ναραι.
393 4096 434 4153 VI
452 4100 485 4154 18
499 4097 566 4160 Λαίς
584 4092 795 4166 ἄμαλόονθοϊσα
813 4093 902 4169 χρόνῳ
921 4096 1084 4167 περικαλλέα
1102 4093 1222 4166 μορφήν.
1258 4097 1303 4153 Ad
1325 4102 1435 4167 postre-

264 4199 340 4237 mnm
364 4198 399 4238 ne
422 4182 477 4239 hoe
500 4183 611 4254 quidem
633 4184 840 4255 neglegendum
863 4184 977 4240 videtur
1000 4185 1076 4255 quod
1098 4183 1270 4240 vocabulum
1293 4182 1383 4255 πάρος
1407 4189 1436 4240 et

263 4269 292 4323 in
317 4272 438 4339 utroque
462 4271 665 4340 epigrammate
689 4276 718 4327 et
741 4272 769 4325 iu
793 4271 893 4327 eodem
917 4288 1017 4327 sensus
1044 4287 1153 4327 conexu
1175 4272 1326 4327 invenitur.
1360 4273 1432 4329 Vll

265 4356 310 4425 οίη
338 4346 404 4426 δ’ἦν
430 4358 528 4425 πάρος.
568 4359 663 4416 V118
690 4362 738 4427 τῆς
759 4354 848 4427 πόρος
873 4353 994 4429 ἀγλαΐης.
1037 4357 1114 4423 Quae
1139 4375 1201 4414 eum
1223 4359 1264 4414 ita
1288 4361 1351 4427 sint,
1380 4376 1433 4428 ego

264 4442 378 4511 quidem
401 4459 453 4512 pro
478 4449 557 4500 certo
580 4442 710 4515 habeam,
737 4444 876 4500 Iulianum
899 4445 1072 4516 Aegyptium
1097 4446 1237 4515 antiquius
1262 4446 1435 4515 epigramma

265 4528 356 4598 ipsum
375 4530 479 4599 legisse
498 4536 527 4586 et
546 4530 638 4587 lorma
654 4532 770 4601 paulum
788 4536 898 4587 mutata
915 4531 1093 4601 repetivisse.

334 4618 356 4685 Ι)
381 4614 425 4671 Ol.
443 4617 594 4687 Prellwitz,
618 4619 780 4689 Etymolog.
799 4617 989 4675 Worterbuch
1013 4617 1064 4674 der
1087 4618 1281 4688 griechischen
1300 4617 1435 4689 Sprache,

266 4700 439 4773 Gottingen¹
460 4708 535 4774 1905,
553 4720 580 4773 p.
599 4709 641 4763 92.

330 4814 332 4820 ·
1213 4795 1231 4847 4
