3717 5434
828 598 870 665 30

259 768 352 837 dicat
380 773 448 837 sive
478 791 513 837 66
543 770 748 835 dedicantem
777 768 869 853 lingit
898 788 980 835 unus
1006 770 1157 855 idemque
1186 773 1312 855 estqui
1335 774 1433 838 etiam

261 875 513 958 epigrammatis
535 873 673 939 formam
697 875 866 958 expressit.
914 872 1008 949 Quod
1032 874 1161 957 quidem
1185 875 1376 960 saepissime
1398 875 1434 940 fit

259 978 294 1041 in
318 976 535 1061 Anthologiae
559 978 812 1063 epigrammatis.
857 976 1104 1061 Epigrammata
1120 976 1247 1044 Graeca
1270 984 1377 1043 autem
1400 980 1434 1043 in
1467 965 1471 971 ’

259 1079 429 1165 lapidibus
445 1083 548 1147 ineisa
564 1081 752 1167 plerumque
775 1100 840 1145 non
863 1079 904 1144 ab
927 1079 1056 1145 bomine
1073 1078 1246 1146 dedicante
1269 1084 1351 1167 ipso,
1375 1081 1433 1148 scd

261 1184 304 1249 ab
330 1183 394 1250 alio
417 1183 557 1267 quodam
581 1189 679 1268 poeta
701 1182 905 1251 conformata
928 1188 1011 1248 sunt.

329 1306 422 1371 Nunc
451 1308 504 1389 qui
532 1324 609 1373 usus
635 1305 729 1371 huius
757 1303 931 1370 dedicandi
965 1304 1088 1371 tormae
1123 1303 1209 1388 apud
1238 1306 1435 1371 Romanos

260 1408 362 1474 inerit
384 1428 588 1491 quaeramus.
634 1408 776 1487 Quorum
798 1407 880 1474 haec
902 1407 1060 1473 habemus
1083 1408 1246 1493 exempla:

297 1509 368 1564 Bcb.
381 1512 413 1567 21
439 1510 573 1565 Annaeus
591 1510 724 1566 Placidus
742 1511 856 1566 Herculi
875 1510 979 1566 donum
998 1511 1072 1566 dedi.
1113 1510 1433 1581 229...061]6616666
1492 1576 1495 1580 ἴ

352 1597 473 1667 dediclo.
514 1602 561 1656 251
588 1600 672 1666 (saec.
692 1599 740 1666 ΙΙΙ)
768 1598 870 1654 tac'icm
899 1598 1059 1653 certaminis
1082 1598 1173 1667 ipsam
1192 1639 1199 1651 .
1218 1638 1224 1651 .
1241 1638 1247 1651 .
1266 1598 1360 1654 locaui
1378 1639 1384 1653 .
1403 1638 1434 1655 ..

351 1684 458 1739 Catius.
494 1688 545 1743 262
563 1687 649 1753 (6666.
662 1686 714 1754 ΙΙΙ)
731 1686 811 1741 Η666
831 1701 909 1741 aram
920 1684 1057 1757 Nymphis
1075 1686 1186 1740 extrusi
1196 1686 1308 1741 nomine
1320 1688 1433 1741 Laetus.

351 1775 403 1829 869
415 1772 551 1839 (6666111
561 1774 598 1842 p.)
618 1772 728 1841 Alcide,
739 1771 794 1827 boc
806 1772 908 1827 tibi...
920 1772 1021 1827 dedico
1033 1774 1201 1841 Perpetuos.
1237 1776 1288 1829 874
1300 1774 1434 1840 (666611)

260 1896 263 1901 -
351 1858 443 1927 Η6]66
462 1857 534 1927 [tlibi
553 1898 599 1913 ...
616 1860 707 1929 posui,
725 1858 800 1915 bone
818 1860 974 1929 Iupp[i]ter‚
996 1875 1074 1914 aram
1087 1899 1093 1914 .
1108 1899 1114 1913 .
1128 1899 1133 1913 .
1147 1860 1259 1915 nomine
1278 1858 1432 1915 Gallonius

327 1962 423 2028 Adde
445 1965 600 2050 plurimas
622 1964 717 2031 huius
729 1968 857 2049 generis
880 1966 1107 2049 inscriptiones
1122 1963 1264 2049 pedestri
1286 1983 1432 2030 sermone

263 2073 445 2151 conceptas
469 2069 571 2134 velut:
601 2069 696 2135 Desa.
717 2068 812 2135 8183.
842 2067 936 2137 3228.
966 2068 1062 2135 3246.
1092 2067 1187 2134 3267.
1215 2067 1310 2135 3407.
1338 2067 1431 2133 3668.

263 2170 358 2237 3684.
384 2170 478 2237 4067.
502 2172 597 2239 4413.

330 2274 514 2357 Sequantur
540 2275 695 2341 nonnulla
722 2275 872 2359 exempla
899 2277 933 2339 16
960 2275 1076 2358 661666
1105 2273 1287 2341 dedicantis
1316 2294 1432 2340 nomen

264 2399 330 2444 non
353 2380 387 2441 in
409 2376 624 2445 dedicationis
653 2378 822 2444 formulam
846 2380 1011 2461 insertum,
1041 2376 1100 2443 sed
1126 2378 1225 2444 alium
1247 2379 1281 2442 16
1304 2376 1433 2444 modum

266 2500 457 2565 expressum
481 2481 637 2548 videmus.

328 2585 455 2651 Nomen
487 2584 628 2670 pedestri
663 2604 810 2651 sermone
845 2586 1003 2669 sequitur:
1035 2582 1113 2648 Beh.
1137 2583 1176 2648 19
1211 2583 1310 2668 (saec.
1334 2586 1366 2648 ΙΙ
1386 2584 1431 2669 p.)

264 2689 398 2754 Siluano
413 2740 418 2751 .
434 2737 439 2750 .
455 2738 460 2751 .
474 2689 532 2753 tibi
548 2689 647 2755 hasce
662 2695 773 2773 grates
784 2687 974 2754 dedicamus
986 2689 1135 2753 musicas.
1158 2686 1220 2751 260
1231 2692 1329 2766 (6666.
1342 2688 1375 2751 II
1387 2691 1432 2772 p.)

265 2792 397 2857 Siluano
415 2842 420 2854 .
442 2840 448 2855 .
468 2843 473 2853 .
491 2792 549 2856 tibi
566 2842 573 2857 .
591 2844 597 2857 .
615 2842 621 2854 .
639 2790 844 2858 simulacrum
868 2812 990 2875 aramq.
1016 2791 1133 2856 dicaui.

328 2895 455 2961 Nomen
477 2893 659 2961 dedicantis
682 2896 911 2981 praemittitur:
940 2893 1017 2960 Bch.
1035 2895 1098 2960 268
1121 2892 1221 2980 (saec.
1238 2895 1287 2959 ΙΙΙ
1308 2901 1353 2979 p.)
1374 2942 1380 2958 .
1399 2943 1432 2960 ..

264 2999 321 3063 tibi
346 3000 525 3082 ...posui
555 2998 595 3063 de
623 3019 781 3064 marmore
810 3000 947 3083 signum.
997 2996 1122 3062 Ibidem
1152 2997 1234 3063 1619
1264 2996 1364 3083 (6666.
1385 2994 1431 3077 ΙΙ)

265 3107 373 3167 notum
399 3101 460 3166 deo
484 3100 601 3167 dicaui.

330 3221 359 3286 2.
384 3223 530 3287 Transeo
554 3240 638 3288 nunc
661 3221 704 3288 ad
727 3220 942 3288 dedicationis
957 3221 1127 3287 formulam
1144 3220 1267 3286 verbis:
1298 3221 1432 3282 ὁδεῖνα

266 3324 480 3408 ἐκρέμασέν
509 3347 541 3386 τι
574 3326 627 3393 vel
661 3326 924 3409 ἀνεκρέμασέν
959 3348 991 3389 τι
1026 3323 1259 3391 contormatam
1288 3342 1371 3406 quae
1400 3324 1432 3386 in

265 3429 527 3513 inscriptionibus
550 3427 651 3513 lapidi
674 3430 794 3515 incisis,
817 3434 851 3493 ut
872 3434 921 3495 661
936 3433 1199 3510 consentancum,
1223 3428 1352 3493 omnino
1369 3446 1432 3491 non

265 3530 434 3597 invenitur.

328 3634 423 3711 Quod
463 3633 636 3700 dedicandi
674 3634 807 3700 verbum
846 3635 1115 3719 epigrammatum
1153 3638 1271 3718 poetae
1312 3632 1433 3698 certis

267 3756 403 3803 versus
433 3739 534 3804 locis
561 3756 680 3822 ponere
709 3737 867 3803 solebant.
911 3737 1019 3819 Atque
1047 3739 1183 3822 primum
1213 3735 1342 3819 quidem
1371 3735 1432 3801 hac

266 3845 297 3905 in
325 3860 360 3906 re
391 3839 627 3906 consideranda
657 3842 770 3905 mirum
800 3840 938 3923 videtur,
965 3839 1053 3922 quod
1081 3839 1142 3905 hoc
1168 3840 1302 3905 verbum
1332 3859 1373 3905 nc
1399 3839 1432 3903 in

266 3942 504 4027 uniusquidem
521 3945 764 4029 epigrammatis
787 3943 1034 4029 hexametro,
1058 3941 1116 4009 sed
1139 3947 1265 4008 certis
1279 3942 1433 4025 quibus-

267 4046 350 4113 dam
365 4067 503 4113 versus
518 4048 756 4131 pentametri
773 4047 871 4113 loeis
887 4048 1030 4131 ubique
1042 4054 1230 4131 usurpatum
1242 4044 1431 4111 invenimus.

329 4161 372 4225 ln
388 4162 518 4245 priore
535 4161 773 4245 pentametri
789 4165 904 4244 parte
919 4162 1082 4225 ineunte
1098 4155 1273 4223 habeshoe
1285 4156 1432 4222 verbum:

267 4262 303 4327 a.
321 4264 357 4328 P.
373 4264 418 4328 Vl
436 4263 498 4328 104
520 4262 687 4348 (Philippi)

512 4367 685 4449 urire·-

513 4468 724 4553 ἐκρέμασεν
748 4467 827 4553 Δηοῖ
847 4476 887 4553 τῇ
910 4472 1181 4553 σταχυοατεφάνῳ.

332 4590 371 4654 16
388 4590 519 4655 611666
534 4592 648 4675 primi
668 4592 907 4675 pentametri
923 4595 1033 4675 parte
1056 4591 1215 4654 ineunte
1231 4588 1312 4653 haec
1328 4586 1433 4653 forma

270 4698 376 4759 exstat
398 4692 449 4761 his
471 4694 565 4763 locis:
