3717 5434
879 608 1082 708 „fil-n

395 777 524 863 quidem
554 781 716 847 sententia
743 774 848 866 docet,
876 778 1046 845 Lucillism
1075 780 1313 865 epigrammata
1339 781 1372 845 in
1402 779 1566 864 lapidibus

395 880 498 947 ineisa
521 882 651 966 cognita
672 881 836 949 babuisse.
873 883 923 949 Ex
944 882 1207 968 inscriptionibus
1221 883 1310 950 ueris
1331 881 1463 951 saeculo
1485 884 1518 949 ΙΙ
1533 905 1580 970 p.·

395 983 469 1050 Chr.
497 1005 528 1049 n.
578 986 741 1053 Luciacus
773 1004 901 1070 quoque
938 984 1066 1053 videtur
1100 983 1269 1053 derivasse
1301 1005 1342 1052 ea
1370 1005 1455 1071 quae
1482 985 1567 1053 dixit

394 1088 511 1155 verba:
543 1088 581 1153 A.
608 1089 644 1154 P.
662 1090 709 1155 VI
734 1088 795 1155 164
820 1108 904 1157 vers.
933 1089 968 1156 3:
1002 1088 1140 1159 σσνθολς
1168 1087 1207 1153 ἐκ
1234 1090 1444 1173 πελάγους,
1477 1089 1566 1174 quod

395 1192 605 1277 epigramma,
639 1194 666 1259 si
693 1194 864 1261 materiam
896 1194 1002 1279 ipsam
1036 1190 1303 1279 contemplamur,
1336 1211 1408 1260 cum
1437 1193 1565 1260 Lucillii

394 1296 554 1361 consentit
562 1295 598 1381 ¹).
653 1297 830 1364 Praeterea
868 1297 1032 1364 Lucienus
1065 1301 1233 1382 spectasse
1266 1296 1394 1363 videtur
1432 1296 1475 1363 ad
1512 1316 1563 1383 ep.

393 1398 431 1463 Α.
448 1399 484 1464 P.
500 1399 620 1465 v1301
641 1397 846 1484 (Callimachi
863 1428 902 1454 =
918 1400 1042 1465 XLVII
1056 1398 1212 1485 Wilam.),
1234 1400 1267 1465 in
1282 1418 1346 1482 quo
1361 1405 1462 1485 poeta
1476 1399 1565 1467 haud

394 1500 535 1567 infacete
558 1501 694 1568 eandem
719 1502 888 1568 termulam
910 1502 1048 1575 σωθεὶς
1071 1502 1106 1571 ἐξ
1129 1500 1220 1571 ἁλός
1243 1503 1424 1587 ambiguo
1448 1522 1566 1570 sensu

395 1603 542 1670 adhibuit
564 1604 651 1688 quod
674 1611 708 1670 ut
731 1604 892 1672 concedas
908 1607 1076 1672 examines
1090 1606 1187 1672 velim
1202 1606 1303 1672 verba
1318 1608 1564 1691 epigrammatis

395 1708 484 1791 ipsa:
603 1718 662 1791 Τὴν
680 1716 760 1792 ἁλίην
776 1716 914 1794 Εὔδημος,
936 1720 989 1794 σἰφ*
1005 1715 1039 1796 ἧς
1056 1718 1110 1780 ἅλα
1127 1720 1202 1779 λιτὸν
1219 1721 1348 1780 ἐσέσθων

597 1810 732 1881 χειμῶνας
749 1806 883 1879 μεγάλους
901 1810 1033 1882 ἐξέφυγεν
1050 1809 1193 1880 durium,

597 1898 668 1967 θῆκε
685 1900 767 1961 θεοῖς
784 1892 966 1969 Σαμόθμηιξι
983 1896 1068 1969 λέγων
1085 1892 1127 1955 ὅτι
1144 1893 1226 1969 risela
1243 1903 1304 1953 κατ’
1320 1893 1411 1970 εὐχήν,

598 1974 620 2039 ὦ
638 1979 759 2055 μεγάλοι,
777 1985 879 2049 σωθεὶς
897 1984 926 2053 ἐξ
945 1982 1010 2050 ἁλὸς
1028 1976 1076 2041 ὧδ’
1094 1982 1186 2041 ἔθετο.

460 2074 568 2138 Etiam
607 2075 639 2138 in
672 2075 713 2139 iis
745 2074 1000 2159 epigrammatis,
1039 2094 1123 2158 quae
1163 2076 1374 2139 victoriam
1411 2081 1565 2160 partam

394 2173 665 2242 dedicationis
692 2195 852 2243 causam
878 2177 1048 2263 praebent,
1077 2177 1249 2244 formula
1276 2176 1438 2261 quaedam
1473 2185 1566 2246 certa

394 2284 465 2344 orta
480 2285 541 2363 est,
564 2298 636 2345 eum
650 2279 742 2345 verbi
757 2278 893 2348 formam
917 2283 1072 2365 νικήσας
1096 2300 1225 2366 semper
1239 2279 1310 2346 fere
1324 2283 1358 2346 in
1372 2280 1564 2350 hexametro

393 2382 554 2447 ineunte
577 2383 717 2467 positam
739 2382 919 2451 videamus.
963 2384 1055 2450 Haec
1077 2385 1186 2449 inveni
1210 2382 1375 2469 exempla:

429 2485 466 2550 A.
487 2486 523 2551 Ρ.
539 2485 628 2552 VI7
657 2484 713 2572 (cf.
733 2486 809 2553 Her.
831 2489 860 2553 V
881 2486 937 2573 60)
966 2487 1090 2571 νικήσας
1125 2484 1260 2570 ἀνέθηκε
1287 2487 1349 2549 τεῒν
1377 2489 1562 2572 περικαλλὲς

479 2587 613 2671 ἄγαλμα.
651 2592 689 2655 Α.
705 2590 799 2656 va
815 2590 857 2655 49
880 2590 1008 2672 (incerti
1030 2588 1186 2674 auctoris)
1211 2590 1336 2659 νικάσας
1358 2589 1489 2653 ἵπποισιν
1514 2591 1564 2654 ἐπὶ

478 2690 592 2755 πλατὺν
611 2690 850 2777 Ἑλλήσποντον.

456 2796 527 2862 Ηοο
549 2796 620 2863 loco
635 2798 732 2864 liceat
747 2797 823 2862 mihi
840 2797 958 2863 afferre
973 2796 1128 2862 nonnulla
1143 2798 1401 2863 Romanorum
1417 2798 1565 2863 carmina

394 2899 605 2985 dedicatoria,
627 2901 792 2985 inquibus
816 2899 960 2966 similis
983 2897 1195 2967 dedicandi
1212 2920 1335 2966 causa
1351 2907 1468 2986 exstat,
1490 2920 1563 2967 eum

393 3003 426 3067 in
447 3002 499 3068 his
521 3002 640 3069 donum
663 3003 733 3070 deis
756 3002 937 3070 dedicetur:
960 3024 1027 3088 pro
1048 3003 1199 3071 honore
1222 3010 1396 3089 accepto.

427 3103 495 3159 Bch.
514 3109 563 3165 251
588 3106 674 3173 (saec.
691 3107 740 3175 Ill)
769 3106 871 3162 Castor
894 3105 1110 3175 uenerandaque
1134 3106 1243 3175 Pollux,
1266 3123 1381 3161 munere
1404 3123 1457 3177 pro
1480 3110 1563 3162 tanur

479 3191 581 3248 faciem
600 3193 761 3249 certaminis
779 3194 878 3264 ipsam,
891 3232 897 3245 .
911 3237 917 3249 .
932 3233 939 3247 .
952 3197 1048 3248 uestra
1065 3210 1118 3263 pro
1137 3193 1205 3249 sede
1223 3193 1317 3248 locaui
1335 3193 1451 3249 urbanis
1463 3193 1563 3249 Catius

479 3279 607 3348 gaudens
631 3297 675 3336 me
699 3280 826 3336 fascibus
849 3284 963 3335 auctum
981 3280 1168 3349 Neptunoque
1191 3280 1266 3350 patri
1287 3280 1370 3335 ludos
1388 3278 1493 3336 secisse
1511 3279 1562 3335 Sa-

477 3366 569 3421 binus.
605 3367 673 3422 Boh.
686 3371 735 3425 261
757 3407 763 3422 .
778 3406 783 3421 .
800 3365 1073 3436 uolucrumque
1090 3370 1239 3437 gratantes
1257 3365 1330 3421 hanc
1344 3381 1422 3421 aram
1435 3370 1562 3422 statuere

480 3453 533 3509 deo
553 3493 560 3508 .
578 3497 583 3511 .
602 3494 608 3507 .
626 3458 753 3523 tempore
781 3470 836 3523 quo
863 3455 974 3523 patriae
1001 3451 1095 3508 luscos
1123 3453 1257 3524 [gessere]
1287 3457 1425 3508 sacratos.
1467 3451 1562 3509 Simile

478 3539 786 3611 Bch.252(saeo.111)
814 3542 895 3596 Hanc
918 3556 996 3595 aram
1019 3539 1157 3611 Nymphis
1181 3539 1291 3596 extrusi
1313 3540 1426 3595 nominc
1447 3542 1561 3609 Laetus,

479 3643 542 3682 oum
561 3643 689 3697 gererem
707 3628 802 3684 fasces
819 3628 930 3698 patriae
948 3644 1061 3682 rumore
1080 3626 1213 3683 secundo.

457 3716 532 3781 Pro
561 3735 746 3783 successu
774 3716 951 3782 laborum
979 3716 1141 3798 egregio
1162 3716 1353 3799 saepissime
1377 3713 1448 3781 deis
1470 3713 1560 3781 dedi-

391 3823 499 3883 catum
522 3839 594 3885 esse
616 3840 710 3885 nemo
724 3823 862 3904 ignorat.
901 3820 971 3885 Hoc
985 3820 1056 3885 loeo
1072 3819 1173 3885 affero
1190 3821 1390 3903 epigramma
1412 3819 1450 3884 Α.
1467 3820 1502 3884 Ρ.
1518 3820 1561 3885 VI

395 3922 455 3987 199
478 3922 649 4007 (Antiphili
672 3924 857 4009 Byzantini)
885 3926 918 3987 in
942 3924 1032 3989 euius
1054 3942 1149 3989 versu
1172 3923 1192 3988 3
1215 3922 1366 4006 legimus:
1397 3920 1480 4005 ἦσθα
1504 3922 1560 4007 γὰρ

392 4025 551 4109 εὐχωλῇσι
573 4028 725 4110 κατήκοος
735 4026 772 4112 ³).

467 4197 487 4264 ¹)
505 4196 549 4250 De
567 4194 667 4250 horum
686 4197 920 4267 epigrammatum
939 4195 1103 4251 auctoribus
1125 4194 1161 4250 cf.
1179 4193 1382 4263 Reitzenstein,
1399 4194 1563 4265 Epigramm

392 4300 408 4338 e
427 4283 536 4354 Paulyi,
555 4283 869 4355 Real-Eucyclopaedie
888 4285 935 4339 Vl.
956 4299 1084 4339 seorsum
1103 4283 1218 4351 editum,
1235 4286 1317 4352 p.18.

459 4372 481 4438 8λ
499 4372 542 4425 De
562 4386 627 4425 ecre
640 4370 732 4427 alieno
746 4387 808 4426 oum
820 4374 991 4439 tempestate
1004 4373 1170 4438 comparato
1189 4368 1225 4424 el.
1238 4368 1370 4437 Skutsch,
1388 4369 1441 4423 Ein
1454 4369 1561 4439 Prolog

392 4457 442 4512 des
451 4457 581 4527 Diphilus
591 4457 648 4512 und
658 4458 719 4512 eine
729 4457 869 4512 Kombdie
879 4457 929 4512 des
940 4458 1065 4512 Plautus.
1091 4456 1561 4524 Musuhenhvpfita,arnoul.

459 4546 480 4609 Ι)
500 4545 562 4598 Huc
581 4544 666 4598 etiam
685 4549 815 4612 spectare
833 4543 948 4599 videtur
965 4545 986 4598 Ι.
999 4543 1048 4599 Gr.
1059 4544 1093 4598 Α.
1107 4548 1157 4602 284
1175 4542 1287 4611 (Roehl)

663 4625 757 4698 Er’rzo'rv
775 4628 942 4685 ἐνσελὲσονσι
959 4624 1086 4701 Διονύσῳ
1105 4624 1254 4700 Νεομήΰης

664 4715 752 4786 ἔργον
768 4713 827 4771 ἀντ’
846 4711 965 4785 ἀγαθοῖν
981 4719 1064 4788 μνᾶμ’
1085 4713 1208 4787 ἀνέθηκε
1224 4711 1296 4773 τόδε.
