3717 5434
981 588 1023 655 22

480 710 665 830 Adollam
688 761 929 845 religionem
952 760 1045 827 nobis
1071 766 1255 846 proponunt
1277 781 1319 829 ea
1340 764 1594 848 epigrammata,

417 888 501 952 quae
538 866 724 951 templum
757 862 973 931 dedicationis
1006 864 1111 930 locum
1143 865 1313 949 praebent.
1361 866 1456 933 Haeo
1483 866 1594 935 babeo

417 970 584 1055 exempla:

449 1088 486 1144 ι.
497 1090 529 1143 P.
542 1090 581 1145 vr
596 1092 645 1147 rso
663 1088 779 1157 (zoom
796 1085 907 1154 nono)
924 1082 997 1156 πρὸς
1013 1086 1083 1160 νοοῖ.

451 1175 802 1244 aemmorrousae
821 1174 918 1243 samu)
937 1175 977 1238 ια
993 1170 1071 1244 aa.

451 1264 605 1319 Praeterea
618 1262 749 1321 conferas
769 1261 975 1333 epigrammata
986 1260 1111 1317 ΛΡΜ
1125 1265 1182 1321 151.
1193 1265 1324 1323 289.201·
1350 1262 1447 1321 Adde:
1466 1264 1594 1321 A.Plam

507 1350 547 1407 lv
560 1353 612 1411 258
629 1349 741 1419 (incerti
760 1349 896 1417 auctoris)
914 1344 1084 1417 Δικτύννης.
1097 1388 1104 1403 .
1117 1389 1124 1403 .
1137 1351 1205 1403 καθ’
1219 1345 1303 1419 ἱερόν.

484 1456 670 1523 Ultimum
693 1454 833 1540 denique
862 1453 1028 1538 religionis
1051 1473 1257 1539 progressum
1280 1455 1373 1523 videa
1394 1457 1429 1521 in
1451 1458 1500 1523 eia
1523 1460 1595 1543 epi-

416 1560 617 1644 grammatis,
647 1559 818 1643 inquibus
840 1558 1065 1643 templilocus
1094 1557 1138 1623 ad
1165 1556 1284 1624 donum
1312 1565 1345 1626 et
1371 1559 1595 1627 dedicandum

417 1670 450 1729 et
483 1661 710 1749 deponendum
744 1660 926 1729 destinatus
965 1661 1059 1728 nobis
1092 1663 1239 1727 occurrit.
1295 1664 1440 1729 Priorem
1477 1667 1596 1749 templi

416 1774 552 1853 partem,
581 1786 678 1851 qoam
707 1765 832 1831 Graeco
866 1784 1014 1831 sermone
1046 1784 1200 1831 vocamus
1235 1764 1415 1853 πρόναος,
1448 1769 1594 1833 maxime

417 1870 460 1936 ad
494 1870 580 1937 dona
615 1869 808 1957 deponenda
845 1868 984 1935 electam
1024 1887 1097 1935 esse
1134 1868 1216 1935 satis
1249 1875 1386 1936 constat.
1441 1870 1594 1936 Eundem

418 1980 525 2041 autem
548 1975 654 2040 locum
670 1974 703 2038 in
719 1972 964 2058 epigrammatis
987 1973 1077 2037 vario
1099 1970 1196 2038 modo
1218 1970 1367 2038 videmus
1390 1991 1593 2058 expressum.

417 2078 579 2144 Nonnulla
606 2078 691 2143 enim
720 2078 957 2161 epigrammata
982 2093 1077 2140 voce:
1106 2074 1149 2137 τὰ
1172 2073 1342 2158 πρόπυλα
1364 2075 1454 2141 illum
1477 2078 1595 2162 templi

417 2181 522 2247 locum
547 2179 739 2263 significant.
786 2178 944 2245 conferas
967 2177 1079 2243 uelim:

451 2299 487 2355 Α.
499 2301 529 2354 Ρ.
543 2300 583 2355 VI
599 2304 647 2357 114
667 2298 799 2369 (Philippi
817 2296 1093 2363 Thessalonicensis)
1110 2292 1165 2350 ἅοὰ
1183 2291 1335 2363 πρόπολοι.

451 2385 486 2441 Α.
499 2387 530 2440 Ρ.
544 2386 583 2441 vi
596 2389 630 2443 24
648 2386 760 2453 (incerti
776 2386 913 2454 auctoris)
932 2381 961 2439 ἐν
978 2384 1050 2454 apori
1063 2425 1069 2438 .
1082 2426 1088 2437 .
1103 2423 1109 2435 .
1122 2378 1282 2452 προπόλοις.

452 2472 487 2527 Α.
499 2474 531 2527 Ρ.
542 2472 582 2528 VI
594 2476 645 2532 245
663 2472 804 2541 (Diodori)
823 2468 914 2542 ἁγίοις
927 2512 933 2525 .
947 2513 954 2525 .
967 2513 973 2525 .
988 2468 1018 2525 ἐν
1035 2470 1226 2538 προπυλαίοις.

418 2582 422 2591 ’
481 2576 553 2645 Non
577 2580 681 2643 minus
704 2582 855 2643 accurate
879 2575 1053 2641 dedicandi
1073 2576 1163 2641 locus
1179 2576 1379 2659 significatur
1400 2597 1481 2643 voce
1504 2576 1592 2662 πρό-

416 2679 528 2764 θυρον
553 2701 637 2765 quae
661 2685 769 2747 exstat
791 2683 824 2745 in
846 2679 897 2745 his
920 2681 1180 2764 epigrammatis:

450 2800 485 2856 A.
502 2802 586 2858 levi
605 2806 654 2860 143
676 2800 920 2869 („Anacre0ntis“)
953 2802 980 2867 μ’
995 2796 1103 2868 ἐρατοῖς
1125 2795 1241 2868 ἀγλαΐην
1262 2795 1421 2867 προθύροις
1442 2797 1592 2872 Ἐρμῇ...
1669 2859 1674 2866 ,

503 2888 671 2943 ιαθέσσατο.

452 2974 486 3028 Α.
499 2976 530 3029 Ρ.
542 2975 583 3031 vi
596 2978 646 3033 293
665 2974 830 3043 (Leonidae)
849 2979 974 3036 στεπποῖς
987 3015 993 3027 .
1008 3014 1015 3027 .
1028 3013 1035 3028 .
1048 2970 1093 3027 ἐπὶ
1111 2967 1277 3042 προθύροις.

388 3162 390 3166 v
483 3079 562 3145 snb
596 3084 701 3146 teoto
736 3080 823 3162 quod
861 3100 980 3163 graece
1011 3081 1213 3163 exprimitur:
1253 3079 1468 3163 ὑπωρόφιοι
1502 3078 1591 3146 dona

418 3185 525 3267 posita
547 3185 693 3249 invenies
715 3185 749 3249 in
771 3184 823 3251 bis
844 3183 1105 3269 epigrammatis:

451 3301 486 3355 A.
498 3304 528 3357 Ρ.
541 3302 610 3359 vla
628 3302 837 3372 („Simonidls“)
858 3298 935 3369 Τόξοι
949 3342 955 3355 .
970 3344 976 3358 .
991 3341 997 3354 .
1016 3302 1075 3375 νηῷ
1088 3296 1237 3369 Ἀθηναίης
1253 3305 1341 3355 astam
1358 3296 1519 3371 ὑπωρόφια.

452 3388 487 3442 Α.
500 3390 530 3443 Ρ.
545 3390 584 3445 vl
598 3393 647 3447 124
666 3390 841 3459 (Hegesippi)
857 3386 946 3452 'duale
959 3431 965 3443 .
980 3431 986 3442 .
1002 3430 1006 3439 .
1021 3379 1090 3458 ἧμαι
1106 3390 1167 3459 ναῷ
1184 3382 1345 3456 ὑπωροφία.

483 3493 694 3580 Aptissimam
710 3493 848 3578 denique
872 3493 1087 3560 dedicationis
1110 3494 1172 3559 loci
1195 3492 1464 3576 significationem
1486 3494 1591 3562 habes

417 3598 451 3660 in
474 3599 521 3662 eis
544 3598 787 3681 epigrammatis
810 3601 843 3663 in
866 3598 1000 3683 quibus:
1024 3598 1091 3661 ὑπὸ
1115 3598 1288 3661 παστάδα
1311 3603 1346 3662 ut
1369 3598 1495 3665 Graeco
1522 3618 1591 3665 ser-

419 3720 513 3765 mone
536 3699 650 3784 loquar
673 3700 762 3767 dona
780 3704 889 3788 posita
911 3701 1069 3767 videmus.
1114 3700 1206 3767 Haec
1229 3706 1304 3766 sunt
1326 3704 1491 3788 exempla:

453 3819 486 3874 A.
505 3822 536 3875 Ρ.
554 3819 594 3876 Vl
613 3824 662 3878 119
686 3822 820 3889 (Moerus)
844 3820 962 3889 χρυσέαν
983 3816 1037 3875 ὑπὸ
1060 3815 1191 3874 παστάδα
1208 3816 1260 3874 cdv
1274 3817 1444 3889 Ἀφροδίτας.
1480 3821 1592 3878 Ibidem

504 3907 543 3963 Vl
564 3911 614 3965 211
641 3907 796 3974 (Leonidae
821 3907 980 3974 Tarentini)
1006 3903 1035 3960 ἐι
1051 3901 1194 3961 παστάσιν.
1228 3906 1336 3963 ibidem
1354 3909 1394 3964 Vl
1414 3912 1465 3967 178
1486 3909 1592 3978 (Hege-

504 3993 587 4063 sippi)
606 3994 668 4049 ποι1
687 3991 785 4061 §eorda
797 3992 934 4048 παστάδα.
964 3992 1159 4049 Variationem
1171 3994 1292 4062 praebet
1303 3994 1493 4065 Anthologiae
1505 3996 1591 4050 Pala-

505 4080 581 4137 tinae
605 4081 779 4151 epigramma
801 4081 910 4138 V1163
933 4080 1012 4135 cuius
1036 4084 1181 4135 auctorem
1199 4081 1373 4151 Meleagrum
1395 4081 1525 4138 videmus
1547 4082 1590 4136 in-

408 4211 410 4217 .
507 4168 651 4236 seriptum.
686 4167 818 4236 Legimus
838 4166 910 4231 enim
929 4164 992 4231 περὶ
1010 4168 1203 4236 boccacium).

487 4429 509 4497 ¹)
535 4426 596 4492 Quo
621 4442 683 4480 eum
707 4427 771 4483 loco
795 4427 830 4483 cf.
854 4430 951 4499 Eurip.
975 4430 1034 4500 lph.
1059 4432 1146 4487 Taur.
1164 4437 1212 4490 74:
1235 4436 1365 4503 θριγκοῖς
1387 4435 1413 4488 θ’
1426 4430 1473 4489 ὑπ’
1496 4430 1591 4498 αὐτοῖς

418 4514 491 4567 σκῦλ’
510 4510 578 4588 ὁρᾷς
595 4508 746 4584 aesopiam
