3717 5434
334 782 504 849 SImillima
528 789 601 849 sunt
623 783 705 849 baec
721 781 784 848 duc
807 781 935 847 saecV
952 800 980 844 a.
997 778 1070 845 Chr.
1087 800 1116 844 n.
1135 775 1380 865 epigrammata,
1403 779 1436 844 in

274 886 383 969 quibus
400 887 498 953 aliam
514 886 659 953 eiusdem
676 904 790 953 sensus
806 884 1095 951 conformationem
1111 881 1226 949 eodem
1242 883 1436 968 pentametri

272 990 338 1057 loco
360 992 503 1075 positam
525 989 680 1057 videmus.

221 1114 223 1119 '
303 1110 355 1165 Kb.
368 1114 421 1169 753
549 1109 673 1179 θῆκ’...

550 1191 670 1265 εὐχωλὴν
686 1194 802 1265 τελέσας,
821 1194 866 1250 col
882 1189 963 1263 zelum
980 1188 1157 1262 clutbdtdcdc.

305 1284 357 1339 Kb.
373 1288 425 1343 754
548 1278 747 1353 ἀνέθηκεν...

549 1366 669 1440 εὐχωλὴν
686 1368 795 1434 τελέσας
813 1368 904 1439 παιο11
920 1365 988 1433 Διὸς
1003 1364 1132 1439 μεγάλου.

332 1474 423 1543 Idem
453 1496 566 1543 sensus
594 1478 707 1545 subest
732 1478 830 1541 etiam
863 1477 897 1540 in
929 1475 991 1542 hoc
1026 1478 1260 1560 epigrammate
1288 1473 1351 1539 Kb.
1373 1471 1437 1538 834

273 1578 382 1665 (aetat.
399 1578 505 1666 Rom.)
522 1579 617 1664 εὐχῆς
640 1578 721 1643 lusus
739 1580 821 1642 τοῦτ’
838 1578 1024 1663 ἐπέγραψαν.
1060 1578 1185 1646 Eadem
1201 1577 1302 1644 verba
1324 1577 1436 1641 metri

272 1690 416 1749 tantum
451 1702 570 1749 causa
604 1688 728 1747 mutata
761 1685 794 1748 in
826 1701 921 1748 versu
956 1688 1095 1749 exeunte
1128 1682 1247 1748 habes:
1282 1680 1344 1745 Kb.
1373 1678 1437 1745 808

273 1784 382 1873 (aetat.
399 1785 505 1872 Rom.)
530 1788 662 1870 στήσατο
687 1784 809 1871 βωμοὺς

526 1888 632 1973 Φοίβῳ
655 1889 705 1951 καὶ
729 1887 826 1972 κούρῃ
839 1886 1020 1976 Ἀρτέμιδ[ι]
1045 1887 1159 1952 εἵνεκεν
1183 1887 1290 1970 εὐχῆς.

333 2012 445 2078 Simile
469 2009 619 2094 estquod
643 2010 759 2075 attinet
781 2007 824 2075 ad
840 2009 1055 2077 dedicationis
1075 2029 1208 2075 causam
1224 2026 1273 2092 ep.
1292 2007 1330 2072 A.
1344 2008 1378 2071 Ρ.
1391 2007 1437 2072 VI

273 2115 329 2181 301
353 2114 557 2198 (Callimachi
582 2144 621 2169 =
644 2113 767 2179 XLVII
785 2111 926 2199 Wilam.)
951 2113 1029 2197 θῆκε
1118 2112 1215 2194 λέγων
1239 2110 1284 2173 ὅτι
1300 2160 1308 2177 .
1322 2155 1329 2170 .
1345 2162 1351 2177 .
1369 2111 1436 2173 κατ’

273 2217 362 2305 εὐχὴν
386 2218 441 2280 ὧδ’
465 2215 566 2282 ἔθετο.

334 2340 449 2404 Restat
475 2344 512 2403 ut
542 2358 625 2421 quae
661 2338 754 2405 huius
781 2342 910 2421 generis
944 2338 1095 2423 exempla
1128 2337 1215 2423 apud
1243 2339 1437 2405 Romanos

274 2443 334 2505 sint
366 2441 585 2525 quibusque
619 2443 755 2509 verbis
789 2448 906 2526 atque
940 2441 1075 2510 formis
1108 2460 1149 2506 ea
1182 2444 1246 2507 sint
1279 2448 1437 2529 concepta

274 2546 478 2629 explicemus.
516 2545 639 2611 Videas
662 2548 773 2629 igitur:
894 2536 896 2546 '

306 2663 375 2719 Βοὴ.
387 2668 439 2723 806
511 2666 609 2721 Cutius
627 2665 679 2720 has
698 2666 774 2721 auris
793 2665 890 2721 Gallus
909 2664 961 2719 tibi
978 2669 1102 2720 voverat
1120 2664 1194 2733 olim,

508 2752 699 2822 Phoebigena,
719 2756 747 2807 et
764 2752 860 2821 posuit
879 2768 965 2807 sanus
984 2751 1020 2806 ab
1040 2751 1181 2806 auriculis.

304 2837 371 2893 Bch.
385 2843 435 2897 861
511 2839 639 2894 Iustitiae
657 2839 769 2894 Nemesi
787 2838 866 2893 Fatis
885 2854 969 2908 quam
989 2842 1108 2893 uouerat
1127 2853 1204 2892 aram
1313 2839 1318 2843 ’

513 2966 519 2979 .
534 2926 748 2980 ..Sammarius
766 2926 870 2994 posuit.

307 3027 400 3083 Simile
411 3027 480 3084 Βοὴ.
494 3033 546 3088 874
558 3032 645 3097 (saec.
657 3032 693 3097 ΙΙ)
711 3031 801 3099 Ha]nc
816 3030 886 3099 [tlibi
899 3046 982 3100 quam
994 3030 1070 3098 noui,
1087 3031 1179 3099 posuI‚
1197 3030 1271 3085 boue
1284 3030 1438 3100 Iupp[i]ter‚

357 3131 445 3170 aram.
471 3116 555 3172 Dess.
564 3120 633 3175 3859
645 3116 781 3187 Nymphis
791 3115 954 3188 Lymphisq.
966 3116 1103 3187 Augustis
1116 3116 1153 3172 ob
1166 3117 1288 3172 reditum
1301 3133 1437 3186 aquarum

357 3202 388 3257 P.
407 3203 580 3272 Pomponius
605 3203 840 3259 Cornelianus..
861 3208 917 3258 .ut
940 3204 1030 3257 vovit.
1066 3205 1220 3259 Praeterea
1242 3204 1346 3259 ibidem
1371 3221 1437 3259 con-

358 3286 434 3343 seras
453 3294 531 3349 4206.
550 3294 625 3349 4221.
664 3290 757 3345 Simile
782 3290 870 3346 habes
896 3291 1053 3359 exemplum
1071 3290 1139 3345 Βοὴ.
1158 3295 1174 3349 9
1192 3293 1280 3359 (saec.
1298 3292 1323 3345 ll
1340 3294 1380 3360 al:
1400 3291 1437 3347 ob

358 3374 444 3431 hasce
471 3392 517 3433 res
544 3377 617 3432 bene
644 3382 742 3447 gestas
770 3377 846 3446 quod
868 3378 895 3431 in
918 3378 994 3433 bello
1020 3381 1139 3433 uouerat
1161 3378 1234 3431 hanc
1260 3377 1359 3433 aedem
1378 3418 1384 3431 .
1404 3417 1436 3431 ..

358 3462 512 3531 imperator
530 3463 651 3519 dedicat.
688 3466 757 3519 Item
776 3464 842 3518 Βοὴ.
860 3468 912 3521 249
930 3465 1104 3533 (sacella.)
1122 3465 1230 3532 Victor,
1248 3464 1317 3520 tibei
1334 3465 1437 3520 Lucius

357 3550 476 3605 Muruius
492 3550 596 3606 donum
610 3590 616 3604 .
630 3593 635 3605 .
650 3550 845 3619 promiserat.
875 3552 960 3606 Dess.
972 3555 1041 3608 4419
1059 3550 1093 3605 Α.
1106 3551 1191 3605 lulius
1203 3553 1315 3606 Leonas
1334 3552 1437 3607 donum

358 3632 433 3706 qnod
451 3637 621 3706 promiserat
633 3638 787 3693 Anubiacis
800 3638 965 3693 Domestica
985 3637 1076 3693 libert.
1091 3638 1118 3692 d.
1132 3655 1153 3692 s.
1167 3656 1195 3707 p.
1226 3638 1332 3693 Ibidem
1345 3643 1438 3696 staua

356 3724 490 3779 Pectillus
508 3730 607 3780 votum
626 3725 701 3794 quod
719 3725 864 3794 promissit
883 3724 937 3779 deo
956 3724 1085 3779 Nudente
1103 3725 1226 3794 mlerito)
1244 3725 1332 3780 dedit.

336 3828 533 3916 Saepissime
560 3830 644 3895 hanc
672 3830 887 3897 dedicationis
915 3849 1048 3895 causam
1075 3849 1263 3914 expressam
1291 3828 1438 3895 videmus

274 3932 394 3999 verbis:
417 3939 543 3998 votum
559 3935 719 4018 solvit1).
758 3934 916 4000 Conferas
932 3954 950 3999 e
967 3934 1074 3998 multis
1089 3953 1210 4017 pauca:
1233 3935 1327 4000 Dess.
1341 3933 1437 4000 3023.

274 4033 364 4099 3091.
389 4035 484 4102 3108.
521 4036 598 4102 Βοὴ.
615 4037 687 4103 262.

336 4158 497 4241 Imprimis
534 4156 617 4222 hanc
656 4157 870 4224 dedicationis
908 4179 1040 4225 causam
1077 4160 1116 4224 in
1158 4159 1437 4242 inscriptionis

185 4330 190 4342 ,
274 4261 378 4325 exitu
401 4260 537 4324 Romani
564 4267 742 4345 posuerunt
770 4267 897 4327 utentes
925 4263 1109 4329 clausula
1136 4260 1242 4326 verbis
1271 4281 1316 4324 ex
1345 4267 1437 4326 voto

273 4362 482 4429 conformata.
520 4364 611 4429 Haec
627 4370 721 4429 sunto
738 4365 901 4448 exempla:
918 4364 1013 4431 Dess.
1030 4366 1197 4432 300810vi
1214 4370 1334 4449 optum.
1349 4385 1435 4429 max.

273 4537 472 4545 ——-„—.--

341 4636 362 4703 1)
381 4632 474 4689 Vertit
496 4633 567 4690 haec
585 4636 676 4691 verba
695 4636 821 4692 Graecus
845 4634 958 4705 quidam
979 4640 1066 4703 poeta
1088 4636 1142 4690 Kb.
1160 4639 1211 4692 838
1228 4637 1327 4705 (aetat.
1344 4635 1438 4702 Rom.)

273 4717 372 4790 ἕστησα
389 4717 485 4791 βωμὸν
503 4717 618 4775 ἐκτελῶν
636 4718 717 4792 εὐχὴν
736 4718 809 4792 ἐμήν.
