<?xml version="1.0" encoding="UTF-8"?>
<!DOCTYPE html PUBLIC "-//W3C//DTD XHTML 1.0 Transitional//EN"
    "http://www.w3.org/TR/xhtml1/DTD/xhtml1-transitional.dtd">
<html xmlns="http://www.w3.org/1999/xhtml" xml:lang="en" lang="en">
 <head>
  <title>
</title>
<meta http-equiv="Content-Type" content="text/html;charset=utf-8" />
  <meta name='ocr-system' content='tesseract 3.04.00' />
  <meta name='ocr-capabilities' content='ocr_page ocr_carea ocr_par ocr_line ocrx_word'/>
</head>
<body>
  <div class='ocr_page' id='page_1' title='image "./topicaepigramma00kuehgoog_0038.png"; bbox 0 0 3717 5434; ppageno 0'>
   <div class='ocr_carea' id='block_1_1' title="bbox 441 752 979 1263">
    <p class='ocr_par' dir='ltr' id='par_1_1' title="bbox 441 752 710 823">
     <span class='ocr_line' id='line_1_1' title="bbox 441 752 710 823; baseline -0.022 -11"><span class='ocrx_word' id='word_1_1' title='bbox 441 754 509 812; x_wconf 86' lang='lat' dir='ltr'><strong>vlo</strong></span> <span class='ocrx_word' id='word_1_2' title='bbox 526 752 710 823; x_wconf 76' lang='lat' dir='ltr'><strong>(Mnasalcae)</strong></span> 
     </span>
    </p>

    <p class='ocr_par' dir='ltr' id='par_1_2' title="bbox 493 841 610 896">
     <span class='ocr_line' id='line_1_2' title="bbox 493 841 610 896; baseline -0.009 -1"><span class='ocrx_word' id='word_1_3' title='bbox 493 841 548 896; x_wconf 80' lang='grc' dir='ltr'><strong><em>Σοί</em></strong></span> <span class='ocrx_word' id='word_1_4' title='bbox 562 881 568 896; x_wconf 92' lang='grc'><strong><em>.</em></strong></span> <span class='ocrx_word' id='word_1_5' title='bbox 583 882 589 895; x_wconf 95' lang='grc'><strong><em>.</em></strong></span> <span class='ocrx_word' id='word_1_6' title='bbox 604 882 610 894; x_wconf 94' lang='grc'><strong><em>.</em></strong></span> 
     </span>
    </p>

    <p class='ocr_par' dir='ltr' id='par_1_3' title="bbox 441 923 979 1084">
     <span class='ocr_line' id='line_1_3' title="bbox 492 923 979 999; baseline -0.002 -15"><span class='ocrx_word' id='word_1_7' title='bbox 492 930 630 995; x_wconf 79' lang='grc' dir='ltr'><strong><em>δῶρα...</em></strong></span> <span class='ocrx_word' id='word_1_8' title='bbox 646 930 738 999; x_wconf 74' lang='grc' dir='ltr'><strong><em>Φοῖβε,</em></strong></span> <span class='ocrx_word' id='word_1_9' title='bbox 755 923 820 983; x_wconf 74' lang='grc' dir='ltr'><strong><em>τάδε</em></strong></span> <span class='ocrx_word' id='word_1_10' title='bbox 837 927 979 997; x_wconf 76' lang='grc' dir='ltr'><strong><em>ιρίμαται.</em></strong></span> 
     </span>
     <span class='ocr_line' id='line_1_4' title="bbox 441 1014 853 1084; baseline -0.007 -11"><span class='ocrx_word' id='word_1_11' title='bbox 441 1016 480 1073; x_wconf 91' lang='lat' dir='ltr'><strong>Vl</strong></span> <span class='ocrx_word' id='word_1_12' title='bbox 496 1020 544 1075; x_wconf 81' lang='lat'><strong>159</strong></span> <span class='ocrx_word' id='word_1_13' title='bbox 563 1014 716 1084; x_wconf 78' lang='lat' dir='ltr'><strong>(Antipatri</strong></span> <span class='ocrx_word' id='word_1_14' title='bbox 735 1014 853 1083; x_wconf 83' lang='lat' dir='ltr'><strong>Sidonii)</strong></span> 
     </span>
    </p>

    <p class='ocr_par' dir='ltr' id='par_1_4' title="bbox 490 1098 703 1171">
     <span class='ocr_line' id='line_1_5' title="bbox 490 1098 703 1171; baseline 0.005 -15"><span class='ocrx_word' id='word_1_15' title='bbox 490 1098 516 1156; x_wconf 76' lang='lat' dir='ltr'><strong>‘A</strong></span> <span class='ocrx_word' id='word_1_16' title='bbox 529 1143 535 1155; x_wconf 94' lang='lat'><strong>.</strong></span> <span class='ocrx_word' id='word_1_17' title='bbox 549 1144 555 1156; x_wconf 91' lang='lat'><strong>.</strong></span> <span class='ocrx_word' id='word_1_18' title='bbox 570 1098 703 1171; x_wconf 73' lang='grc' dir='ltr'><strong>,σάλπιγξ</strong></span> 
     </span>
    </p>

    <p class='ocr_par' dir='ltr' id='par_1_5' title="bbox 494 1182 960 1263">
     <span class='ocr_line' id='line_1_6' title="bbox 494 1182 960 1263; baseline 0.004 -20"><span class='ocrx_word' id='word_1_19' title='bbox 494 1182 620 1259; x_wconf 75' lang='grc' dir='ltr'><strong>ἄγκειμαι</strong></span> <span class='ocrx_word' id='word_1_20' title='bbox 633 1231 638 1243; x_wconf 95' lang='grc'><strong><em>.</em></strong></span> <span class='ocrx_word' id='word_1_21' title='bbox 653 1230 658 1245; x_wconf 90' lang='grc'><strong><em>.</em></strong></span> <span class='ocrx_word' id='word_1_22' title='bbox 673 1231 679 1243; x_wconf 94' lang='grc'><strong><em>.</em></strong></span> <span class='ocrx_word' id='word_1_23' title='bbox 696 1190 843 1258; x_wconf 71' lang='grc' dir='ltr'><strong><em>Τριτωνίδι</em></strong></span> <span class='ocrx_word' id='word_1_24' title='bbox 861 1183 960 1263; x_wconf 74' lang='grc' dir='ltr'><strong><em>κούρα.</em></strong></span> 
     </span>
    </p>
   </div>
   <div class='ocr_carea' id='block_1_2' title="bbox 441 1275 867 1522">
    <p class='ocr_par' dir='ltr' id='par_1_6' title="bbox 441 1275 867 1522">
     <span class='ocr_line' id='line_1_7' title="bbox 441 1275 867 1347; baseline -0.002 -15"><span class='ocrx_word' id='word_1_25' title='bbox 441 1275 567 1333; x_wconf 79' lang='grc' dir='ltr'><strong><em>Α.Ρ1οο.</em></strong></span> <span class='ocrx_word' id='word_1_26' title='bbox 582 1277 620 1334; x_wconf 91' lang='lat' dir='ltr'><strong>lV</strong></span> <span class='ocrx_word' id='word_1_27' title='bbox 636 1280 684 1335; x_wconf 83' lang='lat'><strong>184</strong></span> <span class='ocrx_word' id='word_1_28' title='bbox 702 1276 867 1347; x_wconf 83' lang='lat' dir='ltr'><strong>(Antipatri)</strong></span> 
     </span>
     <span class='ocr_line' id='line_1_8' title="bbox 496 1362 695 1427; baseline 0.005 -8"><span class='ocrx_word' id='word_1_29' title='bbox 496 1406 502 1419; x_wconf 95' lang='lat'><strong>.</strong></span> <span class='ocrx_word' id='word_1_30' title='bbox 516 1406 522 1419; x_wconf 93' lang='lat'><strong>.</strong></span> <span class='ocrx_word' id='word_1_31' title='bbox 535 1402 544 1421; x_wconf 88' lang='lat'><strong>.</strong></span> <span class='ocrx_word' id='word_1_32' title='bbox 559 1362 695 1427; x_wconf 70' lang='grc' dir='ltr'><strong><em>Διόνυσος</em></strong></span> 
     </span>
     <span class='ocr_line' id='line_1_9' title="bbox 494 1450 617 1522; baseline 0 -15"><span class='ocrx_word' id='word_1_33' title='bbox 494 1450 617 1522; x_wconf 75' lang='grc' dir='ltr'><strong><em>ἵδρυμαι.</em></strong></span> 
     </span>
    </p>
   </div>
   <div class='ocr_carea' id='block_1_3' title="bbox 407 1556 1582 1953">
    <p class='ocr_par' dir='ltr' id='par_1_7' title="bbox 407 1556 1582 1850">
     <span class='ocr_line' id='line_1_10' title="bbox 473 1556 1582 1645; baseline 0.003 -22"><span class='ocrx_word' id='word_1_34' title='bbox 473 1558 617 1623; x_wconf 83' lang='lat' dir='ltr'><strong>Similem</strong></span> <span class='ocrx_word' id='word_1_35' title='bbox 645 1556 819 1623; x_wconf 87' lang='lat' dir='ltr'><strong>dedicandi</strong></span> <span class='ocrx_word' id='word_1_36' title='bbox 849 1556 987 1623; x_wconf 85' lang='lat' dir='ltr'><strong>sormam</strong></span> <span class='ocrx_word' id='word_1_37' title='bbox 1015 1559 1140 1624; x_wconf 87' lang='lat' dir='ltr'><strong>verbis:</strong></span> <span class='ocrx_word' id='word_1_38' title='bbox 1168 1558 1258 1621; x_wconf 77' lang='lat' dir='ltr'><strong>beari</strong></span> <span class='ocrx_word' id='word_1_39' title='bbox 1282 1559 1359 1643; x_wconf 80' lang='grc' dir='ltr'><strong>εἰμι</strong></span> <span class='ocrx_word' id='word_1_40' title='bbox 1387 1568 1582 1645; x_wconf 86' lang='lat' dir='ltr'><strong>conceptam</strong></span> 
     </span>
     <span class='ocr_line' id='line_1_11' title="bbox 407 1659 1582 1749; baseline 0.003 -23"><span class='ocrx_word' id='word_1_41' title='bbox 407 1662 544 1748; x_wconf 88' lang='lat' dir='ltr'><strong>praebet</strong></span> <span class='ocrx_word' id='word_1_42' title='bbox 577 1681 628 1746; x_wconf 91' lang='lat' dir='ltr'><strong>ep.</strong></span> <span class='ocrx_word' id='word_1_43' title='bbox 648 1660 711 1727; x_wconf 90' lang='lat' dir='ltr'><strong>Kb.</strong></span> <span class='ocrx_word' id='word_1_44' title='bbox 733 1659 796 1726; x_wconf 88' lang='lat'><strong>833</strong></span> <span class='ocrx_word' id='word_1_45' title='bbox 826 1660 939 1747; x_wconf 84' lang='lat' dir='ltr'><strong>(aetat.</strong></span> <span class='ocrx_word' id='word_1_46' title='bbox 960 1661 1067 1747; x_wconf 82' lang='lat' dir='ltr'><strong>Rom.)</strong></span> <span class='ocrx_word' id='word_1_47' title='bbox 1101 1680 1165 1745; x_wconf 89' lang='lat' dir='ltr'><strong>quo</strong></span> <span class='ocrx_word' id='word_1_48' title='bbox 1198 1662 1270 1729; x_wconf 89' lang='lat' dir='ltr'><strong>loco</strong></span> <span class='ocrx_word' id='word_1_49' title='bbox 1303 1664 1438 1730; x_wconf 87' lang='lat' dir='ltr'><strong>verbum</strong></span> <span class='ocrx_word' id='word_1_50' title='bbox 1472 1666 1582 1749; x_wconf 86' lang='lat' dir='ltr'><strong>ipsum</strong></span> 
     </span>
     <span class='ocr_line' id='line_1_12' title="bbox 410 1760 1329 1850; baseline -0.003 -20"><span class='ocrx_word' id='word_1_51' title='bbox 410 1766 581 1831; x_wconf 86' lang='lat' dir='ltr'><strong>omittitur:</strong></span> <span class='ocrx_word' id='word_1_52' title='bbox 598 1760 709 1833; x_wconf 81' lang='grc' dir='ltr'><strong><em>Ἴσιδος</em></strong></span> <span class='ocrx_word' id='word_1_53' title='bbox 728 1809 735 1824; x_wconf 89' lang='grc'><strong><em>.</em></strong></span> <span class='ocrx_word' id='word_1_54' title='bbox 754 1808 761 1823; x_wconf 89' lang='grc'><strong><em>.</em></strong></span> <span class='ocrx_word' id='word_1_55' title='bbox 780 1808 787 1823; x_wconf 85' lang='grc'><strong><em>.</em></strong></span> <span class='ocrx_word' id='word_1_56' title='bbox 803 1765 854 1828; x_wconf 82' lang='grc' dir='ltr'><strong>καὶ</strong></span> <span class='ocrx_word' id='word_1_57' title='bbox 871 1762 1038 1848; x_wconf 74' lang='grc' dir='ltr'><strong><em>Ἄμμωνος</em></strong></span> <span class='ocrx_word' id='word_1_58' title='bbox 1056 1814 1064 1830; x_wconf 95' lang='grc'><strong><em>.</em></strong></span> <span class='ocrx_word' id='word_1_59' title='bbox 1081 1814 1088 1829; x_wconf 92' lang='grc'><strong><em>.</em></strong></span> <span class='ocrx_word' id='word_1_60' title='bbox 1105 1812 1113 1831; x_wconf 87' lang='grc'><strong><em>.</em></strong></span> <span class='ocrx_word' id='word_1_61' title='bbox 1130 1764 1233 1850; x_wconf 82' lang='grc' dir='ltr'><strong><em>βωμὸς</em></strong></span> <span class='ocrx_word' id='word_1_62' title='bbox 1256 1766 1329 1847; x_wconf 75' lang='grc' dir='ltr'><strong>ἐγώ.</strong></span> 
     </span>
    </p>

    <p class='ocr_par' dir='ltr' id='par_1_8' title="bbox 471 1865 1582 1953">
     <span class='ocr_line' id='line_1_13' title="bbox 471 1865 1582 1953; baseline 0.001 -18"><span class='ocrx_word' id='word_1_63' title='bbox 471 1869 538 1935; x_wconf 82' lang='grc' dir='ltr'><strong>Νοο</strong></span> <span class='ocrx_word' id='word_1_64' title='bbox 562 1866 655 1933; x_wconf 82' lang='lat' dir='ltr'><strong>deest</strong></span> <span class='ocrx_word' id='word_1_65' title='bbox 677 1868 878 1951; x_wconf 84' lang='lat' dir='ltr'><strong>epigramma</strong></span> <span class='ocrx_word' id='word_1_66' title='bbox 900 1870 934 1933; x_wconf 93' lang='lat' dir='ltr'><strong>in</strong></span> <span class='ocrx_word' id='word_1_67' title='bbox 956 1887 1018 1951; x_wconf 92' lang='lat' dir='ltr'><strong>quo</strong></span> <span class='ocrx_word' id='word_1_68' title='bbox 1042 1865 1106 1933; x_wconf 87' lang='lat' dir='ltr'><strong>duo</strong></span> <span class='ocrx_word' id='word_1_69' title='bbox 1127 1867 1222 1936; x_wconf 88' lang='lat' dir='ltr'><strong>buius</strong></span> <span class='ocrx_word' id='word_1_70' title='bbox 1244 1870 1374 1953; x_wconf 84' lang='lat' dir='ltr'><strong>generis</strong></span> <span class='ocrx_word' id='word_1_71' title='bbox 1396 1874 1582 1937; x_wconf 76' lang='lat' dir='ltr'>structurae</span> 
     </span>
    </p>
   </div>
   <div class='ocr_carea' id='block_1_4' title="bbox 409 1969 1583 2752">
    <p class='ocr_par' dir='ltr' id='par_1_9' title="bbox 409 1969 1583 2752">
     <span class='ocr_line' id='line_1_14' title="bbox 409 1969 1112 2039; baseline -0.001 -3"><span class='ocrx_word' id='word_1_72' title='bbox 409 1974 441 2037; x_wconf 93' lang='lat' dir='ltr'><strong>in</strong></span> <span class='ocrx_word' id='word_1_73' title='bbox 465 1970 682 2037; x_wconf 77' lang='lat' dir='ltr'><strong>dedicationis</strong></span> <span class='ocrx_word' id='word_1_74' title='bbox 702 1969 838 2036; x_wconf 89' lang='lat' dir='ltr'><strong>tormam</strong></span> <span class='ocrx_word' id='word_1_75' title='bbox 861 1971 1005 2037; x_wconf 82' lang='lat' dir='ltr'><strong>intextae</strong></span> <span class='ocrx_word' id='word_1_76' title='bbox 1028 1977 1112 2039; x_wconf 88' lang='lat' dir='ltr'><strong>sunt.</strong></span> 
     </span>
     <span class='ocr_line' id='line_1_15' title="bbox 443 2066 1583 2142; baseline 0.004 -15"><span class='ocrx_word' id='word_1_77' title='bbox 443 2074 546 2129; x_wconf 82' lang='lat' dir='ltr'><strong>lloffm.</strong></span> <span class='ocrx_word' id='word_1_78' title='bbox 563 2078 614 2131; x_wconf 78' lang='lat'><strong>‘246</strong></span> <span class='ocrx_word' id='word_1_79' title='bbox 635 2068 806 2141; x_wconf 74' lang='lat' dir='ltr'><strong>[llulthidcr</strong></span> <span class='ocrx_word' id='word_1_80' title='bbox 827 2070 881 2141; x_wconf 78' lang='lat' dir='ltr'><strong>sipi</strong></span> <span class='ocrx_word' id='word_1_81' title='bbox 898 2072 980 2135; x_wconf 75' lang='grc' dir='ltr'><strong><em>θεᾶς·</em></strong></span> <span class='ocrx_word' id='word_1_82' title='bbox 1000 2066 1123 2141; x_wconf 74' lang='grc' dir='ltr'><strong><em>διέθηκε</em></strong></span> <span class='ocrx_word' id='word_1_83' title='bbox 1141 2071 1172 2127; x_wconf 75' lang='lat' dir='ltr'><strong>ri</strong></span> <span class='ocrx_word' id='word_1_84' title='bbox 1189 2075 1217 2142; x_wconf 83' lang='grc' dir='ltr'><strong>μ’</strong></span> <span class='ocrx_word' id='word_1_85' title='bbox 1229 2067 1353 2129; x_wconf 70' lang='lat' dir='ltr'><strong>alaim</strong></span> <span class='ocrx_word' id='word_1_86' title='bbox 1370 2069 1446 2138; x_wconf 75' lang='lat' dir='ltr'><strong>bade.</strong></span> <span class='ocrx_word' id='word_1_87' title='bbox 1483 2073 1583 2132; x_wconf 84' lang='lat' dir='ltr'><strong>Simile</strong></span> 
     </span>
     <span class='ocr_line' id='line_1_16' title="bbox 494 2152 1582 2234; baseline 0.001 -19"><span class='ocrx_word' id='word_1_88' title='bbox 494 2159 583 2215; x_wconf 87' lang='lat' dir='ltr'><strong>habes</strong></span> <span class='ocrx_word' id='word_1_89' title='bbox 602 2158 774 2227; x_wconf 84' lang='lat' dir='ltr'><strong>exemplum:</strong></span> <span class='ocrx_word' id='word_1_90' title='bbox 801 2158 813 2211; x_wconf 97' lang='lat' dir='ltr'><strong>l</strong></span> <span class='ocrx_word' id='word_1_91' title='bbox 833 2157 866 2213; x_wconf 84' lang='lat' dir='ltr'><strong>G.</strong></span> <span class='ocrx_word' id='word_1_92' title='bbox 883 2157 916 2211; x_wconf 94' lang='lat' dir='ltr'><strong>A.</strong></span> <span class='ocrx_word' id='word_1_93' title='bbox 936 2162 987 2217; x_wconf 81' lang='lat'><strong>543</strong></span> <span class='ocrx_word' id='word_1_94' title='bbox 1004 2160 1055 2221; x_wconf 77' lang='grc' dir='ltr'><strong><em>τᾶς</em></strong></span> <span class='ocrx_word' id='word_1_95' title='bbox 1074 2152 1165 2229; x_wconf 70' lang='grc' dir='ltr'><strong><em>Ἥρας</em></strong></span> <span class='ocrx_word' id='word_1_96' title='bbox 1187 2155 1267 2229; x_wconf 80' lang='grc' dir='ltr'><strong><em>ίαρός</em></strong></span> <span class='ocrx_word' id='word_1_97' title='bbox 1289 2161 1344 2229; x_wconf 76' lang='grc' dir='ltr'><strong><em>εἰμι</em></strong></span> <span class='ocrx_word' id='word_1_98' title='bbox 1366 2162 1415 2225; x_wconf 76' lang='grc' dir='ltr'><strong><em>τᾶς</em></strong></span> <span class='ocrx_word' id='word_1_99' title='bbox 1438 2159 1468 2215; x_wconf 68' lang='grc' dir='ltr'><strong>ἐν</strong></span> <span class='ocrx_word' id='word_1_100' title='bbox 1490 2163 1582 2234; x_wconf 81' lang='grc' dir='ltr'><strong><em>πεδίῳ</em></strong></span> 
     </span>
     <span class='ocr_line' id='line_1_17' title="bbox 494 2236 1581 2315; baseline 0.002 -14"><span class='ocrx_word' id='word_1_101' title='bbox 494 2246 630 2308; x_wconf 68' lang='lat' dir='ltr'><strong>doricam</strong></span> <span class='ocrx_word' id='word_1_102' title='bbox 646 2246 674 2315; x_wconf 86' lang='grc' dir='ltr'><strong>μ’</strong></span> <span class='ocrx_word' id='word_1_103' title='bbox 687 2240 808 2312; x_wconf 74' lang='grc' dir='ltr'><strong><em>ἀνέθηκε</em></strong></span> <span class='ocrx_word' id='word_1_104' title='bbox 827 2236 953 2314; x_wconf 57' lang='lat' dir='ltr'><strong>&amp;proper</strong></span> <span class='ocrx_word' id='word_1_105' title='bbox 968 2245 1084 2315; x_wconf 70' lang='lat' dir='ltr'><strong>ftpycrv</strong></span> <span class='ocrx_word' id='word_1_106' title='bbox 1101 2240 1227 2301; x_wconf 79' lang='grc' dir='ltr'><strong><em>δοτάιαο,</em></strong></span> <span class='ocrx_word' id='word_1_107' title='bbox 1266 2246 1391 2303; x_wconf 91' lang='lat' dir='ltr'><strong>Similem</strong></span> <span class='ocrx_word' id='word_1_108' title='bbox 1414 2248 1443 2302; x_wconf 95' lang='lat' dir='ltr'><strong>in</strong></span> <span class='ocrx_word' id='word_1_109' title='bbox 1461 2249 1581 2304; x_wconf 91' lang='lat' dir='ltr'><strong>modum</strong></span> 
     </span>
     <span class='ocr_line' id='line_1_18' title="bbox 493 2329 1582 2403; baseline 0.007 -17"><span class='ocrx_word' id='word_1_110' title='bbox 493 2332 564 2387; x_wconf 91' lang='lat' dir='ltr'><strong>baec</strong></span> <span class='ocrx_word' id='word_1_111' title='bbox 583 2331 788 2403; x_wconf 87' lang='lat' dir='ltr'><strong>epigrammata</strong></span> <span class='ocrx_word' id='word_1_112' title='bbox 807 2329 987 2387; x_wconf 82' lang='lat' dir='ltr'><strong>conformata</strong></span> <span class='ocrx_word' id='word_1_113' title='bbox 1004 2336 1083 2389; x_wconf 87' lang='lat' dir='ltr'><strong>sunt:</strong></span> <span class='ocrx_word' id='word_1_114' title='bbox 1100 2333 1154 2388; x_wconf 89' lang='lat' dir='ltr'><strong>Kb.</strong></span> <span class='ocrx_word' id='word_1_115' title='bbox 1170 2336 1221 2392; x_wconf 82' lang='grc'><strong>814</strong></span> <span class='ocrx_word' id='word_1_116' title='bbox 1240 2334 1339 2402; x_wconf 83' lang='lat' dir='ltr'><strong>(aetat.</strong></span> <span class='ocrx_word' id='word_1_117' title='bbox 1352 2336 1454 2403; x_wconf 86' lang='lat' dir='ltr'><strong>Rom).</strong></span> <span class='ocrx_word' id='word_1_118' title='bbox 1484 2337 1530 2392; x_wconf 90' lang='lat' dir='ltr'><strong>Pr.</strong></span> <span class='ocrx_word' id='word_1_119' title='bbox 1546 2340 1582 2394; x_wconf 87' lang='grc'><strong>69</strong></span> 
     </span>
     <span class='ocr_line' id='line_1_19' title="bbox 495 2418 1582 2491; baseline 0.004 -18"><span class='ocrx_word' id='word_1_120' title='bbox 495 2422 580 2487; x_wconf 85' lang='lat' dir='ltr'><strong>(saec.</strong></span> <span class='ocrx_word' id='word_1_121' title='bbox 598 2419 662 2489; x_wconf 82' lang='lat' dir='ltr'><strong>lp).</strong></span> <span class='ocrx_word' id='word_1_122' title='bbox 698 2418 732 2473; x_wconf 87' lang='lat' dir='ltr'><strong>A.</strong></span> <span class='ocrx_word' id='word_1_123' title='bbox 749 2418 828 2473; x_wconf 85' lang='lat' dir='ltr'><strong>Plan.</strong></span> <span class='ocrx_word' id='word_1_124' title='bbox 846 2419 884 2476; x_wconf 92' lang='lat' dir='ltr'><strong>lV</strong></span> <span class='ocrx_word' id='word_1_125' title='bbox 902 2422 952 2477; x_wconf 75' lang='grc'><strong>161</strong></span> <span class='ocrx_word' id='word_1_126' title='bbox 972 2420 1145 2487; x_wconf 75' lang='lat' dir='ltr'><strong>(Leonidae).</strong></span> <span class='ocrx_word' id='word_1_127' title='bbox 1182 2420 1281 2476; x_wconf 89' lang='lat' dir='ltr'><strong>Omnia</strong></span> <span class='ocrx_word' id='word_1_128' title='bbox 1304 2427 1399 2476; x_wconf 88' lang='lat' dir='ltr'><strong>autem</strong></span> <span class='ocrx_word' id='word_1_129' title='bbox 1422 2420 1494 2476; x_wconf 89' lang='lat' dir='ltr'><strong>haec</strong></span> <span class='ocrx_word' id='word_1_130' title='bbox 1519 2423 1582 2491; x_wconf 90' lang='lat' dir='ltr'><strong>epi-</strong></span> 
     </span>
     <span class='ocr_line' id='line_1_20' title="bbox 494 2506 1582 2578; baseline 0.002 -17"><span class='ocrx_word' id='word_1_131' title='bbox 494 2511 653 2577; x_wconf 81' lang='lat' dir='ltr'><strong>grammata</strong></span> <span class='ocrx_word' id='word_1_132' title='bbox 671 2510 787 2575; x_wconf 86' lang='lat' dir='ltr'><strong>superat</strong></span> <span class='ocrx_word' id='word_1_133' title='bbox 805 2522 848 2575; x_wconf 89' lang='lat' dir='ltr'><strong>ep.</strong></span> <span class='ocrx_word' id='word_1_134' title='bbox 868 2506 913 2560; x_wconf 90' lang='lat' dir='ltr'><strong>Pr.</strong></span> <span class='ocrx_word' id='word_1_135' title='bbox 926 2510 961 2563; x_wconf 86' lang='lat'><strong>90</strong></span> <span class='ocrx_word' id='word_1_136' title='bbox 978 2529 1012 2555; x_wconf 95' lang='lat'>=</span> <span class='ocrx_word' id='word_1_137' title='bbox 1030 2506 1064 2561; x_wconf 96' lang='lat' dir='ltr'><strong>A.</strong></span> <span class='ocrx_word' id='word_1_138' title='bbox 1077 2508 1108 2562; x_wconf 94' lang='lat' dir='ltr'><strong>P.</strong></span> <span class='ocrx_word' id='word_1_139' title='bbox 1121 2508 1160 2564; x_wconf 92' lang='lat' dir='ltr'><strong>Vl</strong></span> <span class='ocrx_word' id='word_1_140' title='bbox 1172 2511 1206 2566; x_wconf 79' lang='lat' dir='ltr'><strong>ta</strong></span> <span class='ocrx_word' id='word_1_141' title='bbox 1225 2509 1260 2577; x_wconf 88' lang='lat' dir='ltr'><strong>(a.</strong></span> <span class='ocrx_word' id='word_1_142' title='bbox 1282 2524 1357 2563; x_wconf 88' lang='lat' dir='ltr'><strong>saec.</strong></span> <span class='ocrx_word' id='word_1_143' title='bbox 1374 2508 1438 2563; x_wconf 82' lang='lat' dir='ltr'><strong>llIa</strong></span> <span class='ocrx_word' id='word_1_144' title='bbox 1457 2506 1521 2564; x_wconf 81' lang='lat' dir='ltr'><strong>Chr.</strong></span> <span class='ocrx_word' id='word_1_145' title='bbox 1540 2512 1582 2578; x_wconf 86' lang='lat' dir='ltr'><strong>n.)</strong></span> 
     </span>
     <span class='ocr_line' id='line_1_21' title="bbox 494 2590 1583 2664; baseline 0.001 -15"><span class='ocrx_word' id='word_1_146' title='bbox 494 2590 1583 2664; x_wconf 71' lang='lat' dir='ltr'><strong>tresearumquasprotulidedicationistormarumnobisostendensXciiaadc</strong></span> 
     </span>
     <span class='ocr_line' id='line_1_22' title="bbox 495 2673 1582 2752; baseline 0 -16"><span class='ocrx_word' id='word_1_147' title='bbox 495 2683 573 2752; x_wconf 66' lang='grc' dir='ltr'><strong>εἰμιῑ)</strong></span> <span class='ocrx_word' id='word_1_148' title='bbox 584 2681 705 2748; x_wconf 77' lang='grc' dir='ltr'><strong><em>τρίπους.</em></strong></span> <span class='ocrx_word' id='word_1_149' title='bbox 724 2681 854 2735; x_wconf 58' lang='lat' dir='ltr'><strong>Hodoi&amp;</strong></span> <span class='ocrx_word' id='word_1_150' title='bbox 861 2674 1009 2749; x_wconf 68' lang='lat' dir='ltr'><strong>ricciarium</strong></span> <span class='ocrx_word' id='word_1_151' title='bbox 1019 2673 1135 2750; x_wconf 71' lang='grc' dir='ltr'><strong><em>ἄγαλμα,</em></strong></span> <span class='ocrx_word' id='word_1_152' title='bbox 1147 2680 1195 2735; x_wconf 77' lang='grc' dir='ltr'><strong>καί</strong></span> <span class='ocrx_word' id='word_1_153' title='bbox 1203 2683 1231 2749; x_wconf 89' lang='grc' dir='ltr'><strong>μ’</strong></span> <span class='ocrx_word' id='word_1_154' title='bbox 1241 2721 1247 2735; x_wconf 96' lang='grc'><strong><em>.</em></strong></span> <span class='ocrx_word' id='word_1_155' title='bbox 1258 2722 1263 2734; x_wconf 94' lang='grc'><strong><em>.</em></strong></span> <span class='ocrx_word' id='word_1_156' title='bbox 1276 2683 1396 2751; x_wconf 56' lang='lat' dir='ltr'><strong>‚bipart</strong></span> <span class='ocrx_word' id='word_1_157' title='bbox 1408 2723 1414 2735; x_wconf 87' lang='lat'><strong>.</strong></span> <span class='ocrx_word' id='word_1_158' title='bbox 1428 2677 1582 2751; x_wconf 51' lang='lat' dir='ltr'><strong>sudleie</strong></span> 
     </span>
    </p>
   </div>
   <div class='ocr_carea' id='block_1_5' title="bbox 334 2785 1582 3803">
    <p class='ocr_par' dir='ltr' id='par_1_10' title="bbox 334 2785 1582 3803">
     <span class='ocr_line' id='line_1_23' title="bbox 472 2785 1581 2872; baseline 0.001 -20"><span class='ocrx_word' id='word_1_159' title='bbox 472 2789 502 2854; x_wconf 89' lang='grc'><strong>4.</strong></span> <span class='ocrx_word' id='word_1_160' title='bbox 524 2787 598 2853; x_wconf 93' lang='lat' dir='ltr'><strong>Alia</strong></span> <span class='ocrx_word' id='word_1_161' title='bbox 621 2785 835 2852; x_wconf 81' lang='lat' dir='ltr'><strong>dedicationis</strong></span> <span class='ocrx_word' id='word_1_162' title='bbox 858 2785 964 2851; x_wconf 85' lang='lat' dir='ltr'><strong>forma</strong></span> <span class='ocrx_word' id='word_1_163' title='bbox 987 2790 1036 2852; x_wconf 88' lang='lat' dir='ltr'><strong>est</strong></span> <span class='ocrx_word' id='word_1_164' title='bbox 1057 2785 1157 2852; x_wconf 87' lang='lat' dir='ltr'><strong>haec:</strong></span> <span class='ocrx_word' id='word_1_165' title='bbox 1180 2787 1302 2872; x_wconf 88' lang='lat' dir='ltr'><strong>Deus,</strong></span> <span class='ocrx_word' id='word_1_166' title='bbox 1325 2789 1385 2852; x_wconf 92' lang='lat' dir='ltr'><strong>cui</strong></span> <span class='ocrx_word' id='word_1_167' title='bbox 1408 2788 1581 2871; x_wconf 84' lang='lat' dir='ltr'><strong>aliquod</strong></span> 
     </span>
     <span class='ocr_line' id='line_1_24' title="bbox 408 2889 1580 2976; baseline 0 -20"><span class='ocrx_word' id='word_1_168' title='bbox 408 2891 548 2956; x_wconf 92' lang='lat' dir='ltr'><strong>donum</strong></span> <span class='ocrx_word' id='word_1_169' title='bbox 573 2889 800 2973; x_wconf 86' lang='lat' dir='ltr'><strong>dedicatur,</strong></span> <span class='ocrx_word' id='word_1_170' title='bbox 827 2890 1074 2973; x_wconf 78' lang='lat' dir='ltr'><strong>pronominis</strong></span> <span class='ocrx_word' id='word_1_171' title='bbox 1096 2889 1224 2956; x_wconf 82' lang='lat' dir='ltr'><strong>forma</strong></span> <span class='ocrx_word' id='word_1_172' title='bbox 1250 2894 1310 2952; x_wconf 86' lang='grc' dir='ltr'><strong><em>οοὶ</em></strong></span> <span class='ocrx_word' id='word_1_173' title='bbox 1337 2890 1580 2976; x_wconf 87' lang='lat' dir='ltr'><strong>appellatur.</strong></span> 
     </span>
     <span class='ocr_line' id='line_1_25' title="bbox 408 2990 1582 3077; baseline 0 -17"><span class='ocrx_word' id='word_1_174' title='bbox 408 2998 445 3059; x_wconf 93' lang='lat' dir='ltr'><strong>ln</strong></span> <span class='ocrx_word' id='word_1_175' title='bbox 468 2994 529 3060; x_wconf 91' lang='lat' dir='ltr'><strong>hac</strong></span> <span class='ocrx_word' id='word_1_176' title='bbox 546 2993 761 3059; x_wconf 82' lang='lat' dir='ltr'><strong>dedicationis</strong></span> <span class='ocrx_word' id='word_1_177' title='bbox 784 2992 888 3058; x_wconf 87' lang='lat' dir='ltr'><strong>iorma</strong></span> <span class='ocrx_word' id='word_1_178' title='bbox 904 2990 1142 3059; x_wconf 88' lang='lat' dir='ltr'><strong>consideranda</strong></span> <span class='ocrx_word' id='word_1_179' title='bbox 1157 3000 1190 3060; x_wconf 93' lang='lat' dir='ltr'><strong>et</strong></span> <span class='ocrx_word' id='word_1_180' title='bbox 1211 2994 1290 3059; x_wconf 91' lang='lat' dir='ltr'><strong>loci</strong></span> <span class='ocrx_word' id='word_1_181' title='bbox 1313 2994 1457 3077; x_wconf 90' lang='lat' dir='ltr'><strong>quibus</strong></span> <span class='ocrx_word' id='word_1_182' title='bbox 1479 2994 1582 3060; x_wconf 93' lang='lat' dir='ltr'><strong>illud</strong></span> 
     </span>
     <span class='ocr_line' id='line_1_26' title="bbox 409 3095 1581 3183; baseline 0.003 -23"><span class='ocrx_word' id='word_1_183' title='bbox 409 3098 466 3161; x_wconf 76' lang='lat' dir='ltr'><strong>rol</strong></span> <span class='ocrx_word' id='word_1_184' title='bbox 489 3099 659 3183; x_wconf 89' lang='lat' dir='ltr'><strong>positum</strong></span> <span class='ocrx_word' id='word_1_185' title='bbox 683 3102 715 3161; x_wconf 93' lang='lat' dir='ltr'><strong>et</strong></span> <span class='ocrx_word' id='word_1_186' title='bbox 738 3095 933 3161; x_wconf 88' lang='lat' dir='ltr'><strong>formulae</strong></span> <span class='ocrx_word' id='word_1_187' title='bbox 956 3098 995 3160; x_wconf 93' lang='lat' dir='ltr'><strong>in</strong></span> <span class='ocrx_word' id='word_1_188' title='bbox 1017 3117 1116 3181; x_wconf 90' lang='lat' dir='ltr'><strong>quas</strong></span> <span class='ocrx_word' id='word_1_189' title='bbox 1139 3099 1383 3183; x_wconf 86' lang='lat' dir='ltr'><strong>pronominis</strong></span> <span class='ocrx_word' id='word_1_190' title='bbox 1411 3096 1581 3163; x_wconf 84' lang='lat' dir='ltr'><strong>tormam</strong></span> 
     </span>
     <span class='ocr_line' id='line_1_27' title="bbox 407 3198 1581 3287; baseline -0.001 -20"><span class='ocrx_word' id='word_1_191' title='bbox 407 3208 608 3287; x_wconf 88' lang='lat' dir='ltr'><strong>receptam</strong></span> <span class='ocrx_word' id='word_1_192' title='bbox 632 3199 814 3266; x_wconf 87' lang='lat' dir='ltr'><strong>videmus</strong></span> <span class='ocrx_word' id='word_1_193' title='bbox 830 3198 930 3283; x_wconf 86' lang='lat' dir='ltr'><strong>digna</strong></span> <span class='ocrx_word' id='word_1_194' title='bbox 945 3203 1066 3266; x_wconf 90' lang='lat' dir='ltr'><strong>suntin</strong></span> <span class='ocrx_word' id='word_1_195' title='bbox 1081 3220 1166 3284; x_wconf 91' lang='lat' dir='ltr'><strong>quae</strong></span> <span class='ocrx_word' id='word_1_196' title='bbox 1182 3201 1365 3266; x_wconf 85' lang='lat' dir='ltr'><strong>accuratius</strong></span> <span class='ocrx_word' id='word_1_197' title='bbox 1387 3201 1581 3283; x_wconf 90' lang='lat' dir='ltr'><strong>inquiratur.</strong></span> 
     </span>
     <span class='ocr_line' id='line_1_28' title="bbox 407 3304 1580 3387; baseline 0.001 -18"><span class='ocrx_word' id='word_1_198' title='bbox 407 3304 573 3371; x_wconf 88' lang='lat' dir='ltr'><strong>Permulta</strong></span> <span class='ocrx_word' id='word_1_199' title='bbox 601 3310 710 3370; x_wconf 87' lang='lat' dir='ltr'><strong>autem</strong></span> <span class='ocrx_word' id='word_1_200' title='bbox 739 3304 976 3387; x_wconf 85' lang='lat' dir='ltr'><strong>epigrammata</strong></span> <span class='ocrx_word' id='word_1_201' title='bbox 1009 3309 1140 3369; x_wconf 83' lang='lat' dir='ltr'><strong>exstant</strong></span> <span class='ocrx_word' id='word_1_202' title='bbox 1171 3306 1218 3369; x_wconf 91' lang='lat' dir='ltr'><strong>ita</strong></span> <span class='ocrx_word' id='word_1_203' title='bbox 1250 3304 1401 3386; x_wconf 85' lang='lat' dir='ltr'><strong>formata,</strong></span> <span class='ocrx_word' id='word_1_204' title='bbox 1434 3310 1470 3368; x_wconf 93' lang='lat' dir='ltr'><strong>ut</strong></span> <span class='ocrx_word' id='word_1_205' title='bbox 1498 3304 1580 3370; x_wconf 92' lang='lat' dir='ltr'><strong>illud</strong></span> 
     </span>
     <span class='ocr_line' id='line_1_29' title="bbox 408 3405 1580 3492; baseline 0.004 -23"><span class='ocrx_word' id='word_1_206' title='bbox 408 3409 468 3469; x_wconf 81' lang='grc' dir='ltr'><strong>σοὶ</strong></span> <span class='ocrx_word' id='word_1_207' title='bbox 503 3407 629 3472; x_wconf 90' lang='lat' dir='ltr'><strong>altero</strong></span> <span class='ocrx_word' id='word_1_208' title='bbox 662 3425 800 3472; x_wconf 89' lang='lat' dir='ltr'><strong>versus</strong></span> <span class='ocrx_word' id='word_1_209' title='bbox 832 3405 917 3471; x_wconf 91' lang='lat' dir='ltr'><strong>loco</strong></span> <span class='ocrx_word' id='word_1_210' title='bbox 952 3408 1092 3491; x_wconf 89' lang='lat' dir='ltr'><strong>positum</strong></span> <span class='ocrx_word' id='word_1_211' title='bbox 1125 3407 1304 3488; x_wconf 80' lang='lat' dir='ltr'><strong>videamus,</strong></span> <span class='ocrx_word' id='word_1_212' title='bbox 1343 3427 1408 3490; x_wconf 89' lang='lat' dir='ltr'><strong>qua</strong></span> <span class='ocrx_word' id='word_1_213' title='bbox 1447 3407 1580 3492; x_wconf 90' lang='lat' dir='ltr'><strong>quidem</strong></span> 
     </span>
     <span class='ocr_line' id='line_1_30' title="bbox 409 3509 1580 3597; baseline 0.003 -23"><span class='ocrx_word' id='word_1_214' title='bbox 409 3510 533 3576; x_wconf 90' lang='lat' dir='ltr'><strong>formae</strong></span> <span class='ocrx_word' id='word_1_215' title='bbox 557 3509 779 3593; x_wconf 87' lang='lat' dir='ltr'><strong>collocatione,</strong></span> <span class='ocrx_word' id='word_1_216' title='bbox 802 3510 864 3574; x_wconf 89' lang='lat' dir='ltr'><strong>etsi</strong></span> <span class='ocrx_word' id='word_1_217' title='bbox 887 3530 950 3575; x_wconf 94' lang='lat' dir='ltr'><strong>non</strong></span> <span class='ocrx_word' id='word_1_218' title='bbox 974 3515 1105 3576; x_wconf 84' lang='lat' dir='ltr'><strong>exstant</strong></span> <span class='ocrx_word' id='word_1_219' title='bbox 1126 3512 1189 3577; x_wconf 90' lang='lat' dir='ltr'><strong>nisi</strong></span> <span class='ocrx_word' id='word_1_220' title='bbox 1211 3511 1393 3577; x_wconf 88' lang='lat' dir='ltr'><strong>recentiora</strong></span> <span class='ocrx_word' id='word_1_221' title='bbox 1415 3512 1580 3597; x_wconf 82' lang='lat' dir='ltr'><strong>exempla,</strong></span> 
     </span>
     <span class='ocr_line' id='line_1_31' title="bbox 409 3613 1579 3701; baseline 0 -22"><span class='ocrx_word' id='word_1_222' title='bbox 409 3616 635 3698; x_wconf 90' lang='lat' dir='ltr'><strong>antiquissima</strong></span> <span class='ocrx_word' id='word_1_223' title='bbox 662 3614 715 3678; x_wconf 83' lang='lat' dir='ltr'><strong>lex</strong></span> <span class='ocrx_word' id='word_1_224' title='bbox 743 3613 917 3679; x_wconf 87' lang='lat' dir='ltr'><strong>observata</strong></span> <span class='ocrx_word' id='word_1_225' title='bbox 944 3613 1082 3699; x_wconf 86' lang='lat' dir='ltr'><strong>videtur,</strong></span> <span class='ocrx_word' id='word_1_226' title='bbox 1111 3633 1175 3697; x_wconf 88' lang='lat' dir='ltr'><strong>qua</strong></span> <span class='ocrx_word' id='word_1_227' title='bbox 1202 3616 1424 3701; x_wconf 91' lang='lat' dir='ltr'><strong>pronominum</strong></span> <span class='ocrx_word' id='word_1_228' title='bbox 1453 3613 1579 3679; x_wconf 81' lang='lat' dir='ltr'><strong>formae</strong></span> 
     </span>
     <span class='ocr_line' id='line_1_32' title="bbox 334 3715 1579 3803; baseline 0.004 -26"><span class='ocrx_word' id='word_1_229' title='bbox 334 3772 335 3777; x_wconf 75' lang='grc'>,</span> <span class='ocrx_word' id='word_1_230' title='bbox 409 3741 471 3801; x_wconf 83' lang='grc' dir='ltr'><strong><em>μοι,</em></strong></span> <span class='ocrx_word' id='word_1_231' title='bbox 513 3740 560 3780; x_wconf 83' lang='grc' dir='ltr'><strong><em>σοι</em></strong></span> <span class='ocrx_word' id='word_1_232' title='bbox 594 3717 697 3783; x_wconf 89' lang='lat' dir='ltr'><strong>altero</strong></span> <span class='ocrx_word' id='word_1_233' title='bbox 731 3718 888 3782; x_wconf 91' lang='lat' dir='ltr'><strong>enuntiati</strong></span> <span class='ocrx_word' id='word_1_234' title='bbox 922 3717 994 3783; x_wconf 93' lang='lat' dir='ltr'><strong>loco</strong></span> <span class='ocrx_word' id='word_1_235' title='bbox 1026 3715 1273 3803; x_wconf 74' lang='lat' dir='ltr'><strong>ponebantur2).</strong></span> <span class='ocrx_word' id='word_1_236' title='bbox 1329 3716 1452 3793; x_wconf 78' lang='lat' dir='ltr'><strong>Quibus</strong></span> <span class='ocrx_word' id='word_1_237' title='bbox 1484 3737 1579 3802; x_wconf 86' lang='lat' dir='ltr'><strong>prae-</strong></span> 
     </span>
    </p>
   </div>
   <div class='ocr_carea' id='block_1_6' title="bbox 407 3818 1579 4427">
    <p class='ocr_par' dir='ltr' id='par_1_11' title="bbox 407 3818 1579 4427">
     <span class='ocr_line' id='line_1_33' title="bbox 407 3818 1061 3905; baseline -0.002 -21"><span class='ocrx_word' id='word_1_238' title='bbox 407 3823 515 3886; x_wconf 90' lang='lat' dir='ltr'><strong>missis</strong></span> <span class='ocrx_word' id='word_1_239' title='bbox 538 3818 779 3886; x_wconf 89' lang='lat' dir='ltr'><strong>consideremus</strong></span> <span class='ocrx_word' id='word_1_240' title='bbox 802 3819 953 3905; x_wconf 86' lang='lat' dir='ltr'><strong>exempla</strong></span> <span class='ocrx_word' id='word_1_241' title='bbox 975 3821 1061 3903; x_wconf 87' lang='lat' dir='ltr'><strong>ipsa:</strong></span> 
     </span>
     <span class='ocr_line' id='line_1_34' title="bbox 442 3915 1579 3991; baseline -0.003 -15"><span class='ocrx_word' id='word_1_242' title='bbox 442 3924 550 3981; x_wconf 70' lang='lat' dir='ltr'><strong>Pullo</strong></span> <span class='ocrx_word' id='word_1_243' title='bbox 570 3924 655 3991; x_wconf 82' lang='lat' dir='ltr'><strong>(saec.</strong></span> <span class='ocrx_word' id='word_1_244' title='bbox 669 3924 714 3989; x_wconf 89' lang='lat' dir='ltr'><strong>Ia)</strong></span> <span class='ocrx_word' id='word_1_245' title='bbox 746 3917 834 3976; x_wconf 80' lang='grc' dir='ltr'><strong><em>Τόοδε</em></strong></span> <span class='ocrx_word' id='word_1_246' title='bbox 862 3937 907 3976; x_wconf 90' lang='grc' dir='ltr'><strong><em>σοι</em></strong></span> <span class='ocrx_word' id='word_1_247' title='bbox 934 3915 1115 3990; x_wconf 75' lang='grc' dir='ltr'><strong><em>αὖτοκράτωρ</em></strong></span> <span class='ocrx_word' id='word_1_248' title='bbox 1138 3916 1247 3985; x_wconf 70' lang='grc' dir='ltr'><strong><em>Σύλλας</em></strong></span> <span class='ocrx_word' id='word_1_249' title='bbox 1273 3918 1398 3990; x_wconf 75' lang='grc' dir='ltr'><strong>διέθηκ’,</strong></span> <span class='ocrx_word' id='word_1_250' title='bbox 1420 3916 1579 3991; x_wconf 71' lang='grc' dir='ltr'><strong><em>Ἀφροδίτη.</em></strong></span> 
     </span>
     <span class='ocr_line' id='line_1_35' title="bbox 494 4002 1578 4079; baseline 0 -16"><span class='ocrx_word' id='word_1_251' title='bbox 494 4008 549 4064; x_wconf 82' lang='lat' dir='ltr'><strong>Kb.</strong></span> <span class='ocrx_word' id='word_1_252' title='bbox 561 4013 612 4068; x_wconf 82' lang='lat'><strong>839</strong></span> <span class='ocrx_word' id='word_1_253' title='bbox 626 4012 722 4079; x_wconf 86' lang='lat' dir='ltr'><strong>(aetat.</strong></span> <span class='ocrx_word' id='word_1_254' title='bbox 732 4009 824 4075; x_wconf 86' lang='lat' dir='ltr'><strong>Rom.)</strong></span> <span class='ocrx_word' id='word_1_255' title='bbox 840 4002 944 4071; x_wconf 78' lang='grc' dir='ltr'><strong><em>Δοιούς</em></strong></span> <span class='ocrx_word' id='word_1_256' title='bbox 956 4024 1000 4061; x_wconf 91' lang='grc' dir='ltr'><strong>οοι</strong></span> <span class='ocrx_word' id='word_1_257' title='bbox 1012 4003 1155 4077; x_wconf 84' lang='grc' dir='ltr'><strong><em>Διόδωρος</em></strong></span> <span class='ocrx_word' id='word_1_258' title='bbox 1168 4003 1299 4078; x_wconf 71' lang='grc' dir='ltr'><strong><em>ἐθήκατο,</em></strong></span> <span class='ocrx_word' id='word_1_259' title='bbox 1311 4010 1417 4077; x_wconf 60' lang='lat' dir='ltr'><strong>aava.</strong></span> <span class='ocrx_word' id='word_1_260' title='bbox 1428 4006 1578 4079; x_wconf 66' lang='lat' dir='ltr'><strong>’Oralpcoe</strong></span> 
     </span>
     <span class='ocr_line' id='line_1_36' title="bbox 493 4091 1577 4165; baseline -0.003 -14"><span class='ocrx_word' id='word_1_261' title='bbox 493 4095 527 4150; x_wconf 91' lang='lat' dir='ltr'><strong>A.</strong></span> <span class='ocrx_word' id='word_1_262' title='bbox 540 4097 571 4151; x_wconf 89' lang='grc' dir='ltr'><strong>Ρ.</strong></span> <span class='ocrx_word' id='word_1_263' title='bbox 584 4097 623 4153; x_wconf 91' lang='lat' dir='ltr'><strong>Vl</strong></span> <span class='ocrx_word' id='word_1_264' title='bbox 635 4100 669 4155; x_wconf 83' lang='grc'><strong>36</strong></span> <span class='ocrx_word' id='word_1_265' title='bbox 682 4095 813 4165; x_wconf 87' lang='lat' dir='ltr'><strong>(Philippi</strong></span> <span class='ocrx_word' id='word_1_266' title='bbox 828 4094 1103 4163; x_wconf 86' lang='lat' dir='ltr'><strong>Thessalonicensis)</strong></span> <span class='ocrx_word' id='word_1_267' title='bbox 1115 4091 1265 4163; x_wconf 76' lang='grc' dir='ltr'><strong><em>Δράγματοὶ</em></strong></span> <span class='ocrx_word' id='word_1_268' title='bbox 1280 4112 1323 4150; x_wconf 91' lang='grc' dir='ltr'><strong>οοι</strong></span> <span class='ocrx_word' id='word_1_269' title='bbox 1336 4136 1341 4148; x_wconf 94' lang='grc'><strong><em>.</em></strong></span> <span class='ocrx_word' id='word_1_270' title='bbox 1356 4136 1363 4149; x_wconf 91' lang='grc'><strong><em>.</em></strong></span> <span class='ocrx_word' id='word_1_271' title='bbox 1377 4136 1382 4148; x_wconf 94' lang='grc'><strong><em>.</em></strong></span> <span class='ocrx_word' id='word_1_272' title='bbox 1395 4136 1404 4163; x_wconf 82' lang='lat'><em>,</em></span> <span class='ocrx_word' id='word_1_273' title='bbox 1417 4100 1497 4165; x_wconf 81' lang='grc' dir='ltr'><strong><em>Δηοῖ,</em></strong></span> <span class='ocrx_word' id='word_1_274' title='bbox 1514 4099 1577 4150; x_wconf 85' lang='grc' dir='ltr'><strong>Σω-</strong></span> 
     </span>
     <span class='ocr_line' id='line_1_37' title="bbox 494 4177 1576 4254; baseline 0 -17"><span class='ocrx_word' id='word_1_275' title='bbox 494 4181 599 4250; x_wconf 76' lang='grc' dir='ltr'><strong><em>σικλὲης</em></strong></span> <span class='ocrx_word' id='word_1_276' title='bbox 616 4185 712 4254; x_wconf 78' lang='grc' dir='ltr'><strong><em>θῆκεν.</em></strong></span> <span class='ocrx_word' id='word_1_277' title='bbox 748 4183 788 4239; x_wconf 92' lang='lat' dir='ltr'><strong>Vl</strong></span> <span class='ocrx_word' id='word_1_278' title='bbox 800 4186 833 4240; x_wconf 81' lang='lat'><strong>38</strong></span> <span class='ocrx_word' id='word_1_279' title='bbox 846 4180 988 4251; x_wconf 78' lang='lat' dir='ltr'><strong>(Philippi)</strong></span> <span class='ocrx_word' id='word_1_280' title='bbox 1005 4178 1109 4235; x_wconf 81' lang='grc' dir='ltr'><strong><em>Δίκτοοί</em></strong></span> <span class='ocrx_word' id='word_1_281' title='bbox 1123 4198 1185 4236; x_wconf 86' lang='grc' dir='ltr'><strong><em>τοι.</em></strong></span> <span class='ocrx_word' id='word_1_282' title='bbox 1202 4223 1227 4236; x_wconf 88' lang='grc'><strong>..</strong></span> <span class='ocrx_word' id='word_1_283' title='bbox 1241 4225 1249 4252; x_wconf 88' lang='grc'><strong><em>,</em></strong></span> <span class='ocrx_word' id='word_1_284' title='bbox 1262 4178 1409 4253; x_wconf 80' lang='grc' dir='ltr'><strong><em>Πόσειδον,</em></strong></span> <span class='ocrx_word' id='word_1_285' title='bbox 1423 4177 1576 4252; x_wconf 64' lang='grc' dir='ltr'><strong><em>Ἀμύντιχος</em></strong></span> 
     </span>
     <span class='ocr_line' id='line_1_38' title="bbox 559 4263 1578 4339; baseline 0.007 -17.534"><span class='ocrx_word' id='word_1_286' title='bbox 496 4265 668 4338; x_wconf 76' lang='grc' dir='ltr'><strong><em>..θήκατ’.</em></strong></span> <span class='ocrx_word' id='word_1_287' title='bbox 704 4271 743 4326; x_wconf 89' lang='lat' dir='ltr'><strong>Vl</strong></span> <span class='ocrx_word' id='word_1_288' title='bbox 761 4274 795 4327; x_wconf 83' lang='lat'><strong>58</strong></span> <span class='ocrx_word' id='word_1_289' title='bbox 820 4267 931 4336; x_wconf 86' lang='lat' dir='ltr'><strong>(Isidori</strong></span> <span class='ocrx_word' id='word_1_290' title='bbox 949 4267 1130 4339; x_wconf 85' lang='lat' dir='ltr'><strong>Scholastici)</strong></span> <span class='ocrx_word' id='word_1_291' title='bbox 1153 4263 1257 4325; x_wconf 75' lang='grc' dir='ltr'><strong><em>ἄνθετο</em></strong></span> <span class='ocrx_word' id='word_1_292' title='bbox 1282 4272 1334 4338; x_wconf 83' lang='lat' dir='ltr'><strong>cot,</strong></span> <span class='ocrx_word' id='word_1_293' title='bbox 1356 4264 1450 4339; x_wconf 74' lang='grc' dir='ltr'><strong><em>Μήνη.</em></strong></span> <span class='ocrx_word' id='word_1_294' title='bbox 1486 4270 1526 4326; x_wconf 92' lang='lat' dir='ltr'><strong>Vl</strong></span> <span class='ocrx_word' id='word_1_295' title='bbox 1543 4276 1578 4329; x_wconf 77' lang='lat'><strong>70</strong></span> 
     </span>
     <span class='ocr_line' id='line_1_39' title="bbox 497 4350 1579 4427; baseline 0.003 -16"><span class='ocrx_word' id='word_1_296' title='bbox 497 4356 666 4427; x_wconf 86' lang='lat' dir='ltr'><strong>(Macedonii</strong></span> <span class='ocrx_word' id='word_1_297' title='bbox 679 4355 819 4422; x_wconf 80' lang='lat' dir='ltr'><strong>Consulis)</strong></span> <span class='ocrx_word' id='word_1_298' title='bbox 840 4356 906 4424; x_wconf 83' lang='grc' dir='ltr'><strong>Νῆα</strong></span> <span class='ocrx_word' id='word_1_299' title='bbox 925 4356 1010 4410; x_wconf 80' lang='grc' dir='ltr'><strong><em>σοί..</em></strong></span> <span class='ocrx_word' id='word_1_300' title='bbox 1025 4350 1199 4426; x_wconf 72' lang='grc' dir='ltr'><strong><em>,διατίθεμαι</em></strong></span> <span class='ocrx_word' id='word_1_301' title='bbox 1234 4359 1321 4412; x_wconf 92' lang='lat' dir='ltr'><strong>Plura</strong></span> <span class='ocrx_word' id='word_1_302' title='bbox 1339 4356 1385 4426; x_wconf 89' lang='lat' dir='ltr'><strong>qui</strong></span> <span class='ocrx_word' id='word_1_303' title='bbox 1404 4356 1579 4414; x_wconf 85' lang='lat' dir='ltr'><strong>desiderabit</strong></span> 
     </span>
    </p>
   </div>
   <div class='ocr_carea' id='block_1_7' title="bbox 407 4533 1578 4780">
    <p class='ocr_par' dir='ltr' id='par_1_12' title="bbox 407 4533 1578 4780">
     <span class='ocr_line' id='line_1_40' title="bbox 477 4533 1577 4606; baseline -0.004 -14"><span class='ocrx_word' id='word_1_304' title='bbox 477 4539 497 4606; x_wconf 89' lang='lat'><strong>1)</strong></span> <span class='ocrx_word' id='word_1_305' title='bbox 525 4538 568 4592; x_wconf 91' lang='lat' dir='ltr'><strong>De</strong></span> <span class='ocrx_word' id='word_1_306' title='bbox 595 4537 677 4592; x_wconf 91' lang='lat' dir='ltr'><strong>verbi</strong></span> <span class='ocrx_word' id='word_1_307' title='bbox 703 4535 795 4591; x_wconf 90' lang='lat' dir='ltr'><strong>torma</strong></span> <span class='ocrx_word' id='word_1_308' title='bbox 823 4533 877 4603; x_wconf 78' lang='grc' dir='ltr'><strong>εἰμὶ</strong></span> <span class='ocrx_word' id='word_1_309' title='bbox 905 4550 988 4604; x_wconf 91' lang='lat' dir='ltr'><strong>quam</strong></span> <span class='ocrx_word' id='word_1_310' title='bbox 1019 4536 1048 4590; x_wconf 93' lang='lat' dir='ltr'><strong>in</strong></span> <span class='ocrx_word' id='word_1_311' title='bbox 1079 4536 1269 4604; x_wconf 87' lang='lat' dir='ltr'><strong>compluribus</strong></span> <span class='ocrx_word' id='word_1_312' title='bbox 1302 4550 1374 4605; x_wconf 87' lang='lat' dir='ltr'><strong>quae</strong></span> <span class='ocrx_word' id='word_1_313' title='bbox 1405 4535 1487 4589; x_wconf 87' lang='lat' dir='ltr'><strong>attuli</strong></span> <span class='ocrx_word' id='word_1_314' title='bbox 1519 4534 1577 4604; x_wconf 91' lang='lat' dir='ltr'><strong>epi-</strong></span> 
     </span>
     <span class='ocr_line' id='line_1_41' title="bbox 407 4622 1578 4693; baseline -0.003 -14"><span class='ocrx_word' id='word_1_315' title='bbox 407 4624 572 4693; x_wconf 85' lang='lat' dir='ltr'><strong>grammatis</strong></span> <span class='ocrx_word' id='word_1_316' title='bbox 583 4628 650 4692; x_wconf 88' lang='lat' dir='ltr'><strong>post</strong></span> <span class='ocrx_word' id='word_1_317' title='bbox 662 4624 781 4692; x_wconf 90' lang='lat' dir='ltr'><strong>primam</strong></span> <span class='ocrx_word' id='word_1_318' title='bbox 793 4636 894 4676; x_wconf 91' lang='lat' dir='ltr'><strong>vocem</strong></span> <span class='ocrx_word' id='word_1_319' title='bbox 906 4622 989 4677; x_wconf 86' lang='lat' dir='ltr'><strong>vides</strong></span> <span class='ocrx_word' id='word_1_320' title='bbox 1002 4623 1124 4690; x_wconf 85' lang='lat' dir='ltr'><strong>positam</strong></span> <span class='ocrx_word' id='word_1_321' title='bbox 1138 4622 1403 4692; x_wconf 64' lang='lat' dir='ltr'><strong>ctswaclrernagel,</strong></span> <span class='ocrx_word' id='word_1_322' title='bbox 1415 4622 1432 4676; x_wconf 93' lang='grc'><strong>1.</strong></span> <span class='ocrx_word' id='word_1_323' title='bbox 1443 4638 1466 4676; x_wconf 90' lang='lat' dir='ltr'><strong>c.</strong></span> <span class='ocrx_word' id='word_1_324' title='bbox 1479 4637 1507 4690; x_wconf 90' lang='lat' dir='ltr'><strong>p.</strong></span> <span class='ocrx_word' id='word_1_325' title='bbox 1516 4625 1578 4679; x_wconf 78' lang='lat'><strong>432.</strong></span> 
     </span>
     <span class='ocr_line' id='line_1_42' title="bbox 476 4707 1050 4780; baseline -0.002 -16"><span class='ocrx_word' id='word_1_326' title='bbox 476 4712 498 4778; x_wconf 75' lang='lat'><strong>²)</strong></span> <span class='ocrx_word' id='word_1_327' title='bbox 518 4709 560 4764; x_wconf 86' lang='lat' dir='ltr'><strong>Oi.</strong></span> <span class='ocrx_word' id='word_1_328' title='bbox 578 4709 795 4779; x_wconf 84' lang='lat' dir='ltr'><strong>Wackernagel,</strong></span> <span class='ocrx_word' id='word_1_329' title='bbox 814 4707 831 4761; x_wconf 89' lang='lat' dir='ltr'><strong>l.</strong></span> <span class='ocrx_word' id='word_1_330' title='bbox 850 4724 874 4761; x_wconf 91' lang='lat' dir='ltr'><strong>c.</strong></span> <span class='ocrx_word' id='word_1_331' title='bbox 893 4725 919 4776; x_wconf 91' lang='lat' dir='ltr'><strong>p.</strong></span> <span class='ocrx_word' id='word_1_332' title='bbox 938 4713 990 4766; x_wconf 75' lang='lat'><strong>362</strong></span> <span class='ocrx_word' id='word_1_333' title='bbox 1008 4726 1050 4780; x_wconf 84' lang='lat' dir='ltr'><strong>sq.</strong></span> 
     </span>
    </p>
   </div>
   <div class='ocr_carea' id='block_1_8' title="bbox 0 0 1864 5434">
    <p class='ocr_par' dir='ltr' id='par_1_13' title="bbox 0 0 1864 5434">
     <span class='ocr_line' id='line_1_43' title="bbox 0 0 1864 5434; baseline 0 1"><span class='ocrx_word' id='word_1_334' title='bbox 0 0 1864 5434; x_wconf 95' lang='lat' dir='ltr'><strong> </strong></span> 
     </span>
    </p>
   </div>
  </div>
 </body>
</html>
